[
  {
    "product_name": "Asparagus 454 g",
    "store": "iga",
    "sold_by_weight": { "is": false, "price_per_lb": "", "price_per_kg": "" },
    "sold_individually": { "is": false, "price_per_item": "" },
    "sold_by_package": {
      "is": true,
      "price_per_package": "5.99",
      "units_per_package": "454g",
      "price_per_100g": "1.32"
    },
    "img_src": "https://voila.ca/images-v3/2d92d19c-0354-49c0-8a91-5260ed0bf531/22a26e6d-e14e-4862-97d8-5dba52651048/300x300.jpg",
    "link": "https://voila.ca/products/974034EA/details"
  },
  {
    "product_name": "Organic Asparagus 325 g",
    "store": "iga",
    "sold_by_weight": { "is": false, "price_per_lb": "", "price_per_kg": "" },
    "sold_individually": { "is": false, "price_per_item": "" },
    "sold_by_package": {
      "is": true,
      "price_per_package": "7.99",
      "units_per_package": "325g",
      "price_per_100g": "2.00"
    },
    "img_src": "https://voila.ca/images-v3/2d92d19c-0354-49c0-8a91-5260ed0bf531/66fb72fc-a4bd-4dd6-8581-dfb0b9e46bad/300x300.jpg",
    "link": "https://voila.ca/products/868023EA/details"
  },
  {
    "product_name": "Beansprout 454 g",
    "store": "iga",
    "sold_by_weight": { "is": false, "price_per_lb": "", "price_per_kg": "" },
    "sold_individually": { "is": false, "price_per_item": "" },
    "sold_by_package": {
      "is": true,
      "price_per_package": "2.99",
      "units_per_package": "454g",
      "price_per_100g": "$1.00"
    },
    "img_src": "https://voila.ca/images-v3/2d92d19c-0354-49c0-8a91-5260ed0bf531/c9e0bbea-cd3a-4591-8552-ae1ca4d445f6/300x300.jpg",
    "link": "https://voila.ca/products/868348EA/details"
  },
  {
    "product_name": "Broccoli Crowns Local 1 EA",
    "store": "iga",
    "sold_by_weight": { "is": false, "price_per_lb": "", "price_per_kg": "" },
    "sold_individually": { "is": true, "price_per_item": "1.99" },
    "sold_by_package": {
      "is": false,
      "units_per_package": "",
      "price_per_package": "",
      "price_per_100g": ""
    },
    "img_src": "https://voila.ca/images-v3/2d92d19c-0354-49c0-8a91-5260ed0bf531/ceeffe53-7ee1-4bf2-a9eb-95dcc8d3d65e/300x300.jpg",
    "link": "https://voila.ca/products/314971EA/details"
  },
  {
    "product_name": "Brocolini (Baby Broccoli)",
    "store": "iga",
    "sold_by_weight": { "is": false, "price_per_lb": "", "price_per_kg": "" },
    "sold_individually": { "is": true, "price_per_item": "4.49" },
    "sold_by_package": {
      "is": false,
      "price_per_package": "",
      "units_per_package": "",
      "price_per_100g": ""
    },
    "img_src": "https://voila.ca/images-v3/2d92d19c-0354-49c0-8a91-5260ed0bf531/61b79a43-0ed3-47c4-93e9-8efe9b75a200/300x300.jpg",
    "link": "https://voila.ca/products/842627EA/details"
  },
  {
    "product_name": "Brussel Sprouts 340 g",
    "store": "iga",
    "sold_by_weight": { "is": false, "price_per_lb": "", "price_per_kg": "" },
    "sold_individually": { "is": false, "price_per_item": "" },
    "sold_by_package": {
      "is": true,
      "price_per_package": "3.99",
      "units_per_package": "340g",
      "price_per_100g": "1.17"
    },
    "img_src": "https://voila.ca/images-v3/2d92d19c-0354-49c0-8a91-5260ed0bf531/058513b2-c986-45eb-9012-c1755dc666b3/300x300.jpg",
    "link": "https://voila.ca/products/269940EA/details"
  },
  {
    "product_name": "Celery Hearts",
    "store": "iga",
    "sold_by_weight": { "is": false, "price_per_lb": "", "price_per_kg": "" },
    "sold_individually": { "is": true, "price_per_item": "3.49" },
    "sold_by_package": {
      "is": false,
      "price_per_package": "",
      "units_per_package": "",
      "price_per_100g": ""
    },
    "img_src": "https://voila.ca/images-v3/2d92d19c-0354-49c0-8a91-5260ed0bf531/c6d8caaf-7ce9-4bd1-a028-8e66ff0d2ce3/300x300.jpg",
    "link": "https://voila.ca/products/5291EA/details"
  },
  {
    "product_name": "Celery Local 1 ea",
    "store": "iga",
    "sold_by_weight": { "is": false, "price_per_lb": "", "price_per_kg": "" },
    "sold_individually": { "is": true, "price_per_item": "1.99" },
    "sold_by_package": {
      "is": false,
      "price_per_package": "",
      "units_per_package": "",
      "price_per_100g": ""
    },
    "img_src": "https://voila.ca/images-v3/2d92d19c-0354-49c0-8a91-5260ed0bf531/003e3211-f354-4a2f-b7d3-d47efd4b15bb/300x300.jpg",
    "link": "https://voila.ca/products/7956EA/details"
  },
  {
    "product_name": "Cauliflower Local 1 ea",
    "store": "iga",
    "sold_by_weight": { "is": false, "price_per_lb": "", "price_per_kg": "" },
    "sold_individually": { "is": true, "price_per_item": "2.99" },
    "sold_by_package": {
      "is": false,
      "price_per_package": "",
      "units_per_package": "",
      "price_per_100g": ""
    },
    "img_src": "https://voila.ca/images-v3/2d92d19c-0354-49c0-8a91-5260ed0bf531/073503d4-f971-4e7f-8008-0743cbd493cc/300x300.jpg",
    "link": "https://voila.ca/products/7950EA/details"
  },
  {
    "product_name": "Corn Local Tray 3 Count",
    "store": "iga",
    "sold_by_weight": { "is": false, "price_per_lb": "", "price_per_kg": "" },
    "sold_individually": { "is": false, "price_per_item": "" },
    "sold_by_package": {
      "is": true,
      "price_per_package": "5.99",
      "units_per_package": "3",
      "price_per_100g": ""
    },
    "img_src": "https://voila.ca/images-v3/2d92d19c-0354-49c0-8a91-5260ed0bf531/6c1b0643-96c1-4b84-8a21-9fb822fae83a/300x300.jpg",
    "link": "https://voila.ca/products/584688EA/details"
  },
  {
    "product_name": "Corn On The Cob Unpeeled Local 1 EA",
    "store": "iga",
    "sold_by_weight": { "is": false, "price_per_lb": "", "price_per_kg": "" },
    "sold_individually": { "is": true, "price_per_item": "0.33" },
    "sold_by_package": {
      "is": false,
      "price_per_package": "",
      "units_per_package": "",
      "price_per_100g": ""
    },
    "img_src": "https://voila.ca/images-v3/2d92d19c-0354-49c0-8a91-5260ed0bf531/d94f9bbb-9ecc-4164-bfd6-8e030f74b097/300x300.jpg",
    "link": "https://voila.ca/products/984483EA/details"
  },
  {
    "product_name": "Nature Fresh Farms Organic English Cucumbers 1 EA",
    "store": "iga",
    "sold_by_weight": { "is": false, "price_per_lb": "", "price_per_kg": "" },
    "sold_individually": { "is": true, "price_per_item": "2.99" },
    "sold_by_package": {
      "is": false,
      "price_per_package": "",
      "units_per_package": "",
      "price_per_100g": ""
    },
    "img_src": "https://voila.ca/images-v3/2d92d19c-0354-49c0-8a91-5260ed0bf531/b9f0ba36-fe7d-4b73-94f1-6b5fe68f0991/300x300.jpg",
    "link": "https://voila.ca/products/129818EA/details"
  },
  {
    "product_name": "English Seedless Cucumber 1 EA",
    "store": "iga",
    "sold_by_weight": { "is": false, "price_per_lb": "", "price_per_kg": "" },
    "sold_individually": { "is": true, "price_per_item": "1.49" },
    "sold_by_package": {
      "is": false,
      "price_per_package": "",
      "units_per_package": "",
      "price_per_100g": ""
    },
    "img_src": "https://voila.ca/images-v3/2d92d19c-0354-49c0-8a91-5260ed0bf531/521df664-76bf-4b06-a1b6-9455209a113c/300x300.jpg",
    "link": "https://voila.ca/products/8280EA/details"
  },
  {
    "product_name": "Italian Baby Eggplant 1 EA",
    "store": "iga",
    "sold_by_weight": { "is": false, "price_per_lb": "", "price_per_kg": "" },
    "sold_individually": { "is": true, "price_per_item": "3.99" },
    "sold_by_package": {
      "is": false,
      "price_per_package": "",
      "units_per_package": "",
      "price_per_100g": ""
    },
    "img_src": "https://voila.ca/images-v3/2d92d19c-0354-49c0-8a91-5260ed0bf531/bdb7f5cd-2689-4db9-9ecb-5b232b4120a5/300x300.jpg",
    "link": "https://voila.ca/products/868134EA/details"
  },
  {
    "product_name": "Eggplant Local 1 ea",
    "store": "iga",
    "sold_by_weight": { "is": false, "price_per_lb": "", "price_per_kg": "" },
    "sold_individually": { "is": true, "price_per_item": "1.99" },
    "sold_by_package": {
      "is": false,
      "price_per_package": "",
      "units_per_package": "",
      "price_per_100g": ""
    },
    "img_src": "https://voila.ca/images-v3/2d92d19c-0354-49c0-8a91-5260ed0bf531/4f2c73ab-296b-48bd-876d-62ac1e99fe69/300x300.jpg",
    "link": "https://voila.ca/products/868139EA/details"
  },
  {
    "product_name": "Bell peppers mixed 4 pack",
    "store": "iga",
    "sold_by_weight": { "is": false, "price_per_lb": "", "price_per_kg": "" },
    "sold_individually": { "is": false, "price_per_item": "" },
    "sold_by_package": {
      "is": true,
      "price_per_package": "4.99",
      "units_per_package": "4",
      "price_per_100g": ""
    },
    "img_src": "https://voila.ca/images-v3/2d92d19c-0354-49c0-8a91-5260ed0bf531/5c8fc656-a6db-4edb-8105-2ca9031cdb2d/300x300.jpg",
    "link": "https://voila.ca/products/445842EA/details"
  },
  {
    "product_name": "Green Pepper XL Local 1 ea",
    "store": "iga",
    "sold_by_weight": { "is": false, "price_per_lb": "", "price_per_kg": "" },
    "sold_individually": { "is": true, "price_per_item": "0.99" },
    "sold_by_package": {
      "is": false,
      "price_per_package": "",
      "units_per_package": "",
      "price_per_100g": ""
    },
    "img_src": "https://voila.ca/images-v3/2d92d19c-0354-49c0-8a91-5260ed0bf531/193bc2d8-9d99-4461-9baf-5e44739e224b/300x300.jpg",
    "link": "https://voila.ca/products/972171EA/details"
  },
  {
    "product_name": "Organic Red Peppers 2 Count",
    "store": "iga",
    "sold_by_weight": { "is": false, "price_per_lb": "", "price_per_kg": "" },
    "sold_individually": { "is": false, "price_per_item": "" },
    "sold_by_package": {
      "is": true,
      "price_per_package": "5.29",
      "units_per_package": "2",
      "price_per_100g": ""
    },
    "img_src": "https://voila.ca/images-v3/2d92d19c-0354-49c0-8a91-5260ed0bf531/c1c71c7f-b163-42c8-8bcd-505fac4f59a8/300x300.jpg",
    "link": "https://voila.ca/products/868332EA/details"
  },
  {
    "product_name": "Organic Orange Bell Pepper 2 Count",
    "store": "iga",
    "sold_by_weight": { "is": false, "price_per_lb": "", "price_per_kg": "" },
    "sold_individually": { "is": false, "price_per_item": "" },
    "sold_by_package": {
      "is": true,
      "price_per_package": "5.29",
      "units_per_package": "2",
      "price_per_100g": ""
    },
    "img_src": "https://voila.ca/images-v3/2d92d19c-0354-49c0-8a91-5260ed0bf531/6922acb5-8d14-4be9-b6e3-a6fc0938cbb4/300x300.jpg",
    "link": "https://voila.ca/products/868228EA/details"
  },
  {
    "product_name": "Red Peppers Sweet Pack Of 4",
    "store": "iga",
    "sold_by_weight": { "is": false, "price_per_lb": "", "price_per_kg": "" },
    "sold_individually": { "is": false, "price_per_item": "" },
    "sold_by_package": {
      "is": true,
      "price_per_package": "5.99",
      "units_per_package": "4",
      "price_per_100g": ""
    },
    "img_src": "https://voila.ca/images-v3/2d92d19c-0354-49c0-8a91-5260ed0bf531/8cf3e0af-0cf0-41eb-8c5a-7bc54fb72961/300x300.jpg",
    "link": "https://voila.ca/products/352447EA/details"
  },
  {
    "product_name": "Bell Peppers Organic 2 Pack",
    "store": "iga",
    "sold_by_weight": { "is": false, "price_per_lb": "", "price_per_kg": "" },
    "sold_individually": { "is": false, "price_per_item": "" },
    "sold_by_package": {
      "is": true,
      "price_per_package": "6.49",
      "units_per_package": "2",
      "price_per_100g": ""
    },
    "img_src": "https://voila.ca/images-v3/2d92d19c-0354-49c0-8a91-5260ed0bf531/ce2cf0c9-f06f-475f-92dd-13a08d8cf310/300x300.jpg",
    "link": "https://voila.ca/products/578544EA/details"
  },
  {
    "product_name": "Nature Fresh Farms Mini Sweet Peppers 454 g",
    "store": "iga",
    "sold_by_weight": { "is": false, "price_per_lb": "", "price_per_kg": "" },
    "sold_individually": { "is": false, "price_per_item": "" },
    "sold_by_package": {
      "is": true,
      "price_per_package": "3.99",
      "units_per_package": "454g",
      "price_per_100g": "0.88"
    },
    "img_src": "https://voila.ca/images-v3/2d92d19c-0354-49c0-8a91-5260ed0bf531/e7e1b5c0-f09e-4ce0-b0dc-2663aa1a3264/300x300.jpg",
    "link": "https://voila.ca/products/883754EA/details"
  },
  {
    "product_name": "Rainbow Peppers Large 3 EA",
    "store": "iga",
    "sold_by_weight": { "is": false, "price_per_lb": "", "price_per_kg": "" },
    "sold_individually": { "is": false, "price_per_item": "" },
    "sold_by_package": {
      "is": true,
      "price_per_package": "6.99",
      "units_per_package": "3",
      "price_per_100g": ""
    },
    "img_src": "https://voila.ca/images-v3/2d92d19c-0354-49c0-8a91-5260ed0bf531/1df38110-fb83-4bc2-94ce-cfa0f1bf89cf/300x300.jpg",
    "link": "https://voila.ca/products/113628EA/details"
  },
  {
    "product_name": "Orange Pepper Extra Large 1 Count",
    "store": "iga",
    "sold_by_weight": { "is": false, "price_per_lb": "", "price_per_kg": "" },
    "sold_individually": { "is": true, "price_per_item": "2.19" },
    "sold_by_package": {
      "is": false,
      "price_per_package": "",
      "units_per_package": "",
      "price_per_100g": ""
    },
    "img_src": "https://voila.ca/images-v3/2d92d19c-0354-49c0-8a91-5260ed0bf531/4f334cd4-6e8f-4dc1-b874-4d52d193fd10/300x300.jpg",
    "link": "https://voila.ca/products/972345EA/details"
  },
  {
    "product_name": "Yellow Pepper Extra Large 1 Count",
    "store": "iga",
    "sold_by_weight": { "is": false, "price_per_lb": "", "price_per_kg": "" },
    "sold_individually": { "is": true, "price_per_item": "2.19" },
    "sold_by_package": {
      "is": false,
      "price_per_package": "",
      "units_per_package": "",
      "price_per_100g": ""
    },
    "img_src": "https://voila.ca/images-v3/2d92d19c-0354-49c0-8a91-5260ed0bf531/6e1f6f1b-26ec-445a-a8d5-853d5ab5196d/300x300.jpg",
    "link": "https://voila.ca/products/972235EA/details"
  },
  {
    "product_name": "Red Pepper Extra Large 1 Count",
    "store": "iga",
    "sold_by_weight": { "is": false, "price_per_lb": "", "price_per_kg": "" },
    "sold_individually": { "is": true, "price_per_item": "2.29" },
    "sold_by_package": {
      "is": false,
      "price_per_package": "",
      "units_per_package": "",
      "price_per_100g": ""
    },
    "img_src": "https://voila.ca/images-v3/2d92d19c-0354-49c0-8a91-5260ed0bf531/a160534c-5abb-46d2-a41a-450e885176a8/300x300.jpg",
    "link": "https://voila.ca/products/972178EA/details"
  },
  {
    "product_name": "Organic Mini Sweet Peppers 227 g",
    "store": "iga",
    "sold_by_weight": { "is": false, "price_per_lb": "", "price_per_kg": "" },
    "sold_individually": { "is": false, "price_per_item": "" },
    "sold_by_package": {
      "is": true,
      "price_per_package": "3.49",
      "units_per_package": "227g",
      "price_per_100g": "1.54"
    },
    "img_src": "https://voila.ca/images-v3/2d92d19c-0354-49c0-8a91-5260ed0bf531/7edf919a-124c-48da-b8d7-8aa3f185247e/300x300.jpg",
    "link": "https://voila.ca/products/775008EA/details"
  },
  {
    "product_name": "Mini Sweet Peppers 227 g",
    "store": "iga",
    "sold_by_weight": { "is": false, "price_per_lb": "", "price_per_kg": "" },
    "sold_individually": { "is": false, "price_per_item": "" },
    "sold_by_package": {
      "is": true,
      "price_per_package": "5.99",
      "units_per_package": "227g",
      "price_per_100g": "2.64"
    },
    "img_src": "https://voila.ca/images-v3/2d92d19c-0354-49c0-8a91-5260ed0bf531/41ce994e-3de2-4ddd-a8c2-279ef6c233bb/300x300.jpg",
    "link": "https://voila.ca/products/350490EA/details"
  },
  {
    "product_name": "Bell Peppers Assorted 908 g",
    "store": "iga",
    "sold_by_weight": { "is": false, "price_per_lb": "", "price_per_kg": "" },
    "sold_individually": { "is": false, "price_per_item": "" },
    "sold_by_package": {
      "is": true,
      "price_per_package": "9.99",
      "units_per_package": "908g",
      "price_per_100g": "1.10"
    },
    "img_src": "https://voila.ca/images-v3/2d92d19c-0354-49c0-8a91-5260ed0bf531/2c0aeaa4-0228-4122-8505-fd60348d5762/300x300.jpg",
    "link": "https://voila.ca/products/145154EA/details"
  },
  {
    "product_name": "Brocoli Local 1 ea",
    "store": "iga",
    "sold_by_weight": { "is": false, "price_per_lb": "", "price_per_kg": "" },
    "sold_individually": { "is": true, "price_per_item": "3.99" },
    "sold_by_package": {
      "is": false,
      "price_per_package": "",
      "units_per_package": "",
      "price_per_100g": ""
    },
    "img_src": "https://voila.ca/images-v3/2d92d19c-0354-49c0-8a91-5260ed0bf531/383c097c-167f-4edf-8e91-8b53bd974c81/300x300.jpg",
    "link": "https://voila.ca/products/868093EA/details"
  },
  {
    "product_name": "Organic Broccoli 1 EA",
    "store": "iga",
    "sold_by_weight": { "is": false, "price_per_lb": "", "price_per_kg": "" },
    "sold_individually": { "is": true, "price_per_item": "4.99" },
    "sold_by_package": {
      "is": false,
      "price_per_package": "",
      "units_per_package": "",
      "price_per_100g": ""
    },
    "img_src": "https://voila.ca/images-v3/2d92d19c-0354-49c0-8a91-5260ed0bf531/9e95a912-ba30-4637-a836-352579edd58d/300x300.jpg",
    "link": "https://voila.ca/products/868091EA/details"
  },
  {
    "product_name": "Organic Cauliflower Small 1 EA",
    "store": "iga",
    "sold_by_weight": { "is": false, "price_per_lb": "", "price_per_kg": "" },
    "sold_individually": { "is": true, "price_per_item": "3.99" },
    "sold_by_package": {
      "is": false,
      "price_per_package": "",
      "units_per_package": "",
      "price_per_100g": ""
    },
    "img_src": "https://voila.ca/images-v3/2d92d19c-0354-49c0-8a91-5260ed0bf531/f4d498fd-2423-41c1-aef2-3835b65c030f/300x300.jpg",
    "link": "https://voila.ca/products/112786EA/details"
  },
  {
    "product_name": "Organic Celery Hearts 1 EA",
    "store": "iga",
    "sold_by_weight": { "is": false, "price_per_lb": "", "price_per_kg": "" },
    "sold_individually": { "is": true, "price_per_item": "2.49" },
    "sold_by_package": {
      "is": false,
      "price_per_package": "",
      "units_per_package": "",
      "price_per_100g": ""
    },
    "img_src": "https://voila.ca/images-v3/2d92d19c-0354-49c0-8a91-5260ed0bf531/8f0b25a3-56bd-4abc-b26f-6edb3de8206e/300x300.jpg",
    "link": "https://voila.ca/products/414780EA/details"
  },
  {
    "product_name": "Mini Organic Cucumbers 6 Pack",
    "store": "iga",
    "sold_by_weight": { "is": false, "price_per_lb": "", "price_per_kg": "" },
    "sold_individually": { "is": false, "price_per_item": "" },
    "sold_by_package": {
      "is": true,
      "price_per_package": "3.99",
      "units_per_package": "6",
      "price_per_100g": ""
    },
    "img_src": "https://voila.ca/images-v3/2d92d19c-0354-49c0-8a91-5260ed0bf531/1b2eb4a8-d040-4ed5-8a83-a0d7a56decaf/300x300.jpg",
    "link": "https://voila.ca/products/214566EA/details"
  },
  {
    "product_name": "Mini Cucumbers Seedless 6 Pack",
    "store": "iga",
    "sold_by_weight": { "is": false, "price_per_lb": "", "price_per_kg": "" },
    "sold_individually": { "is": false, "price_per_item": "" },
    "sold_by_package": {
      "is": true,
      "price_per_package": "2.99",
      "units_per_package": "6",
      "price_per_100g": ""
    },
    "img_src": "https://voila.ca/images-v3/2d92d19c-0354-49c0-8a91-5260ed0bf531/d25a816b-81da-4ea5-8d7b-4b5cf765b5dc/300x300.jpg",
    "link": "https://voila.ca/products/440549EA/details"
  },
  {
    "product_name": "Cucumber Field Local 1 Count",
    "store": "iga",
    "sold_by_weight": { "is": false, "price_per_lb": "", "price_per_kg": "" },
    "sold_individually": { "is": true, "price_per_item": "1.99" },
    "sold_by_package": {
      "is": false,
      "price_per_package": "",
      "units_per_package": "",
      "price_per_100g": ""
    },
    "img_src": "https://voila.ca/images-v3/2d92d19c-0354-49c0-8a91-5260ed0bf531/d07b9191-ee6c-49ff-8a1e-18d139b9c39d/300x300.jpg",
    "link": "https://voila.ca/products/966031EA/details"
  },
  {
    "product_name": "Cucumbers Seedless 3 Count",
    "store": "iga",
    "sold_by_weight": { "is": false, "price_per_lb": "", "price_per_kg": "" },
    "sold_individually": { "is": false, "price_per_item": "" },
    "sold_by_package": {
      "is": true,
      "price_per_package": "4.99",
      "units_per_package": "3",
      "price_per_100g": ""
    },
    "img_src": "https://voila.ca/images-v3/2d92d19c-0354-49c0-8a91-5260ed0bf531/015e1de4-36e5-4360-8614-732894cc3446/300x300.jpg",
    "link": "https://voila.ca/products/129701EA/details"
  },
  {
    "product_name": "Savoura Bio Organic Mini Cucumber 454 g",
    "store": "iga",
    "sold_by_weight": { "is": false, "price_per_lb": "", "price_per_kg": "" },
    "sold_individually": { "is": false, "price_per_item": "" },
    "sold_by_package": {
      "is": true,
      "price_per_package": "5.49",
      "units_per_package": "454g",
      "price_per_100g": "1.21"
    },
    "img_src": "https://voila.ca/images-v3/2d92d19c-0354-49c0-8a91-5260ed0bf531/ebe45e87-3bfa-4405-87be-2815cb6041df/300x300.jpg",
    "link": "https://voila.ca/products/410482EA/details"
  },
  {
    "product_name": "Organic Eggplant 1 EA",
    "store": "iga",
    "sold_by_weight": { "is": false, "price_per_lb": "", "price_per_kg": "" },
    "sold_individually": { "is": true, "price_per_item": "4.49" },
    "sold_by_package": {
      "is": false,
      "price_per_package": "",
      "units_per_package": "",
      "price_per_100g": ""
    },
    "img_src": "https://voila.ca/images-v3/2d92d19c-0354-49c0-8a91-5260ed0bf531/db2a6c38-8ce0-4061-98bf-534ee2a7eba7/300x300.jpg",
    "link": "https://voila.ca/products/868136EA/details"
  },
  {
    "product_name": "Organic Garlic 85 g",
    "store": "iga",
    "sold_by_weight": { "is": false, "price_per_lb": "", "price_per_kg": "" },
    "sold_individually": { "is": false, "price_per_item": "" },
    "sold_by_package": {
      "is": true,
      "price_per_package": "3.99",
      "units_per_package": "85g",
      "price_per_100g": "4.69"
    },
    "img_src": "https://voila.ca/images-v3/2d92d19c-0354-49c0-8a91-5260ed0bf531/6d3fb22e-3785-48dd-a241-854640d05495/300x300.jpg",
    "link": "https://voila.ca/products/180340EA/details"
  },
  {
    "product_name": "Garlic 3 pack",
    "store": "iga",
    "sold_by_weight": { "is": false, "price_per_lb": "", "price_per_kg": "" },
    "sold_individually": { "is": false, "price_per_item": "" },
    "sold_by_package": {
      "is": true,
      "price_per_package": "2.99",
      "units_per_package": "3",
      "price_per_100g": ""
    },
    "img_src": "https://voila.ca/images-v3/2d92d19c-0354-49c0-8a91-5260ed0bf531/fcbc2b87-1059-4259-8351-1040f51086bb/300x300.jpg",
    "link": "https://voila.ca/products/146013EA/details"
  },
  {
    "product_name": "Ginger Root 85 g",
    "store": "iga",
    "sold_by_weight": { "is": false, "price_per_lb": "", "price_per_kg": "" },
    "sold_individually": { "is": false, "price_per_item": "" },
    "sold_by_package": {
      "is": true,
      "price_per_package": "1.99",
      "units_per_package": "85g",
      "price_per_100g": ""
    },
    "img_src": "https://voila.ca/images-v3/2d92d19c-0354-49c0-8a91-5260ed0bf531/fcfd7991-b4f1-4642-b1a6-d2a72d259b96/300x300.jpg",
    "link": "https://voila.ca/products/869121EA/details"
  },
  {
    "product_name": "Green Beans Local 340 g",
    "store": "iga",
    "sold_by_weight": { "is": false, "price_per_lb": "", "price_per_kg": "" },
    "sold_individually": { "is": false, "price_per_item": "" },
    "sold_by_package": {
      "is": true,
      "price_per_package": "3.29",
      "units_per_package": "340g",
      "price_per_100g": ""
    },
    "img_src": "https://voila.ca/images-v3/2d92d19c-0354-49c0-8a91-5260ed0bf531/e8916e30-49c2-4fa3-a73c-833c0781d219/300x300.jpg",
    "link": "https://voila.ca/products/868059EA/details"
  },
  {
    "product_name": "Yellow/Wax Bean Local 340 g",
    "store": "iga",
    "sold_by_weight": { "is": false, "price_per_lb": "", "price_per_kg": "" },
    "sold_individually": { "is": false, "price_per_item": "" },
    "sold_by_package": {
      "is": true,
      "price_per_package": "3.29",
      "units_per_package": "340g",
      "price_per_100g": ""
    },
    "img_src": "https://voila.ca/images-v3/2d92d19c-0354-49c0-8a91-5260ed0bf531/ab2e91d8-d81e-4555-a20f-8506a55e7757/300x300.jpg",
    "link": "https://voila.ca/products/868132EA/details"
  },
  {
    "product_name": "Snow Peas 227 g",
    "store": "iga",
    "sold_by_weight": { "is": false, "price_per_lb": "", "price_per_kg": "" },
    "sold_individually": { "is": false, "price_per_item": "" },
    "sold_by_package": {
      "is": true,
      "price_per_package": "3.99",
      "units_per_package": "227g",
      "price_per_100g": ""
    },
    "img_src": "https://voila.ca/images-v3/2d92d19c-0354-49c0-8a91-5260ed0bf531/f5a3567f-db11-4a59-a772-bbeeb195e30b/300x300.jpg",
    "link": "https://voila.ca/products/869131EA/details"
  },
  {
    "product_name": "Habanero Peppers Spicy Hot",
    "store": "iga",
    "sold_by_weight": { "is": false, "price_per_lb": "", "price_per_kg": "" },
    "sold_individually": { "is": true, "price_per_item": "4.99" },
    "sold_by_package": {
      "is": false,
      "price_per_package": "",
      "units_per_package": "",
      "price_per_100g": ""
    },
    "img_src": "https://voila.ca/images-v3/2d92d19c-0354-49c0-8a91-5260ed0bf531/5ab66a0e-133f-453c-b576-254b05d38943/300x300.jpg",
    "link": "https://voila.ca/products/165831EA/details"
  },
  {
    "product_name": "Radicchio 1 Count",
    "store": "iga",
    "sold_by_weight": { "is": false, "price_per_lb": "", "price_per_kg": "" },
    "sold_individually": { "is": true, "price_per_item": "3.69" },
    "sold_by_package": {
      "is": false,
      "price_per_package": "",
      "units_per_package": "",
      "price_per_100g": ""
    },
    "img_src": "https://voila.ca/images-v3/2d92d19c-0354-49c0-8a91-5260ed0bf531/c2bdb7f0-14d7-451a-931a-cbf5394abbc2/300x300.jpg",
    "link": "https://voila.ca/products/834423EA/details"
  },
  {
    "product_name": "Fresh Attitude Baby Arugula 142 g",
    "store": "iga",
    "sold_by_weight": { "is": false, "price_per_lb": "", "price_per_kg": "" },
    "sold_individually": { "is": false, "price_per_item": "" },
    "sold_by_package": {
      "is": true,
      "price_per_package": "4.99",
      "units_per_package": "142g",
      "price_per_100g": "3.51"
    },
    "img_src": "https://voila.ca/images-v3/2d92d19c-0354-49c0-8a91-5260ed0bf531/dace0599-14d5-42b9-a025-67803a5c72cc/300x300.jpg",
    "link": "https://voila.ca/products/188206EA/details"
  },
  {
    "product_name": "Green Leaf Lettuce Local 1 EA",
    "store": "iga",
    "sold_by_weight": { "is": false, "price_per_lb": "", "price_per_kg": "" },
    "sold_individually": { "is": true, "price_per_item": "1.99" },
    "sold_by_package": {
      "is": false,
      "price_per_package": "",
      "units_per_package": "",
      "price_per_100g": ""
    },
    "img_src": "https://voila.ca/images-v3/2d92d19c-0354-49c0-8a91-5260ed0bf531/4b493ada-dc6a-4078-b4aa-c1c7088b86ae/300x300.jpg",
    "link": "https://voila.ca/products/868182EA/details"
  },
  {
    "product_name": "Artichoke 1 EA",
    "store": "iga",
    "sold_by_weight": { "is": false, "price_per_lb": "", "price_per_kg": "" },
    "sold_individually": { "is": true, "price_per_item": "2.49" },
    "sold_by_package": {
      "is": false,
      "price_per_package": "",
      "units_per_package": "",
      "price_per_100g": ""
    },
    "img_src": "https://voila.ca/images-v3/2d92d19c-0354-49c0-8a91-5260ed0bf531/fa63ce68-c28c-4eb1-99d1-5ad1e34c5687/300x300.jpg",
    "link": "https://voila.ca/products/966060EA/details"
  },
  {
    "product_name": "Lettuce Endive Chicory Local 1 ea",
    "store": "iga",
    "sold_by_weight": { "is": false, "price_per_lb": "", "price_per_kg": "" },
    "sold_individually": { "is": true, "price_per_item": "2.99" },
    "sold_by_package": {
      "is": false,
      "price_per_package": "",
      "units_per_package": "",
      "price_per_100g": ""
    },
    "img_src": "https://voila.ca/images-v3/2d92d19c-0354-49c0-8a91-5260ed0bf531/7e06e2ae-42dd-4a1e-ad72-88522c353f7f/300x300.jpg",
    "link": "https://voila.ca/products/824888EA/details"
  },
  {
    "product_name": "Green Chard 1 EA",
    "store": "iga",
    "sold_by_weight": { "is": false, "price_per_lb": "", "price_per_kg": "" },
    "sold_individually": { "is": true, "price_per_item": "3.49" },
    "sold_by_package": {
      "is": false,
      "price_per_package": "",
      "units_per_package": "",
      "price_per_100g": ""
    },
    "img_src": "https://voila.ca/images-v3/2d92d19c-0354-49c0-8a91-5260ed0bf531/821c2b27-118f-481d-ab55-79c8380f2a45/300x300.jpg",
    "link": "https://voila.ca/products/868382EA/details"
  },
  {
    "product_name": "Kale Green Local 1 ea",
    "store": "iga",
    "sold_by_weight": { "is": false, "price_per_lb": "", "price_per_kg": "" },
    "sold_individually": { "is": true, "price_per_item": "3.79" },
    "sold_by_package": {
      "is": false,
      "price_per_package": "",
      "units_per_package": "",
      "price_per_100g": ""
    },
    "img_src": "https://voila.ca/images-v3/2d92d19c-0354-49c0-8a91-5260ed0bf531/4a7dbfc9-ae47-4d5d-96b7-b34bb92630e7/300x300.jpg",
    "link": "https://voila.ca/products/868158EA/details"
  },
  {
    "product_name": "Rapini 1 EA",
    "store": "iga",
    "sold_by_weight": { "is": false, "price_per_lb": "", "price_per_kg": "" },
    "sold_individually": { "is": true, "price_per_item": "3.99" },
    "sold_by_package": {
      "is": false,
      "price_per_package": "",
      "units_per_package": "",
      "price_per_100g": ""
    },
    "img_src": "https://voila.ca/images-v3/2d92d19c-0354-49c0-8a91-5260ed0bf531/6023b51b-5a83-41e9-b9b9-8a71d8e06f3e/300x300.jpg",
    "link": "https://voila.ca/products/868301EA/details"
  },
  {
    "product_name": "Organic Green Kale 1 EA",
    "store": "iga",
    "sold_by_weight": { "is": false, "price_per_lb": "", "price_per_kg": "" },
    "sold_individually": { "is": true, "price_per_item": "3.99" },
    "sold_by_package": {
      "is": false,
      "price_per_package": "",
      "units_per_package": "",
      "price_per_100g": ""
    },
    "img_src": "https://voila.ca/images-v3/2d92d19c-0354-49c0-8a91-5260ed0bf531/729011ef-3544-4f09-a96b-f2ebd5a45805/300x300.jpg",
    "link": "https://voila.ca/products/868162EA/details"
  },
  {
    "product_name": "Swiss Chard Organic Green Local 1 EA",
    "store": "iga",
    "sold_by_weight": { "is": false, "price_per_lb": "", "price_per_kg": "" },
    "sold_individually": { "is": true, "price_per_item": "3.99" },
    "sold_by_package": {
      "is": false,
      "price_per_package": "",
      "units_per_package": "",
      "price_per_100g": ""
    },
    "img_src": "https://voila.ca/images-v3/2d92d19c-0354-49c0-8a91-5260ed0bf531/61125e9b-881f-4359-abe3-3417313bd199/300x300.jpg",
    "link": "https://voila.ca/products/967548EA/details"
  },
  {
    "product_name": "Bok Choy Local 1 EA",
    "store": "iga",
    "sold_by_weight": { "is": false, "price_per_lb": "", "price_per_kg": "" },
    "sold_individually": { "is": true, "price_per_item": "3.99" },
    "sold_by_package": {
      "is": false,
      "price_per_package": "",
      "units_per_package": "",
      "price_per_100g": ""
    },
    "img_src": "https://voila.ca/images-v3/2d92d19c-0354-49c0-8a91-5260ed0bf531/83802fc6-ffcf-4812-87d0-d6be899abca7/300x300.jpg",
    "link": "https://voila.ca/products/868068EA/details"
  },

  {
    "product_name": "Kohlrabi 1 EA",
    "store": "iga",
    "sold_by_weight": { "is": false, "price_per_lb": "", "price_per_kg": "" },
    "sold_individually": { "is": true, "price_per_item": "4.49" },
    "sold_by_package": {
      "is": false,
      "price_per_package": "",
      "units_per_package": "",
      "price_per_100g": ""
    },
    "img_src": "https://voila.ca/images-v3/2d92d19c-0354-49c0-8a91-5260ed0bf531/8d945326-6281-45e1-a97c-e1f7c11b0269/300x300.jpg",
    "link": "https://voila.ca/products/868167EA/details"
  },
  {
    "product_name": "Red Chard 1 EA",
    "store": "iga",
    "sold_by_weight": { "is": false, "price_per_lb": "", "price_per_kg": "" },
    "sold_individually": { "is": true, "price_per_item": "4.99" },
    "sold_by_package": {
      "is": false,
      "price_per_package": "",
      "units_per_package": "",
      "price_per_100g": ""
    },
    "img_src": "https://voila.ca/images-v3/2d92d19c-0354-49c0-8a91-5260ed0bf531/77bb9634-7197-48fd-831b-a601e1c050a9/300x300.jpg",
    "link": "https://voila.ca/products/868383EA/details"
  },
  {
    "product_name": "Trudeau Farms Shangai Bok Choy Junior Bonsai Choy 227 g",
    "store": "iga",
    "sold_by_weight": { "is": false, "price_per_lb": "", "price_per_kg": "" },
    "sold_individually": { "is": false, "price_per_item": "" },
    "sold_by_package": {
      "is": true,
      "price_per_package": "4.99",
      "units_per_package": "227g",
      "price_per_100g": "2.20"
    },
    "img_src": "https://voila.ca/images-v3/2d92d19c-0354-49c0-8a91-5260ed0bf531/4240e405-4cfe-4e4e-bdb5-f187a402211c/300x300.jpg",
    "link": "https://voila.ca/products/361434EA/details"
  },
  {
    "product_name": "Trudeau Farms Mini Bok Choy",
    "store": "iga",
    "sold_by_weight": { "is": false, "price_per_lb": "", "price_per_kg": "" },
    "sold_individually": { "is": true, "price_per_item": "4.99" },
    "sold_by_package": {
      "is": false,
      "price_per_package": "",
      "units_per_package": "",
      "price_per_100g": ""
    },
    "img_src": "https://voila.ca/images-v3/2d92d19c-0354-49c0-8a91-5260ed0bf531/c0994f4c-ab05-45f5-bd23-14832325721a/300x300.jpg",
    "link": "https://voila.ca/products/361583EA/details"
  },
  {
    "product_name": "Trudeau Farm Junior Baby Bok Choy 227 g",
    "store": "iga",
    "sold_by_weight": { "is": false, "price_per_lb": "", "price_per_kg": "" },
    "sold_individually": { "is": false, "price_per_item": "" },
    "sold_by_package": {
      "is": true,
      "price_per_package": "4.99",
      "units_per_package": "227g",
      "price_per_100g": "2.20"
    },
    "img_src": "https://voila.ca/images-v3/2d92d19c-0354-49c0-8a91-5260ed0bf531/15b6a95d-1f97-454d-a894-1dfa4f090d90/300x300.jpg",
    "link": "https://voila.ca/products/361501EA/details"
  },
  {
    "product_name": "Fresh Attitude Duo Kale Spinach 128 g",
    "store": "iga",
    "sold_by_weight": { "is": false, "price_per_lb": "", "price_per_kg": "" },
    "sold_individually": { "is": false, "price_per_item": "" },
    "sold_by_package": {
      "is": true,
      "price_per_package": "4.99",
      "units_per_package": "128g",
      "price_per_100g": "3.90"
    },
    "img_src": "https://voila.ca/images-v3/2d92d19c-0354-49c0-8a91-5260ed0bf531/77d675f2-ac23-4a0f-9d6e-20ba09f5f6cb/300x300.jpg",
    "link": "https://voila.ca/products/628783EA/details"
  },
  {
    "product_name": "Diva Endives",
    "store": "iga",
    "sold_by_weight": { "is": false, "price_per_lb": "", "price_per_kg": "" },
    "sold_individually": { "is": true, "price_per_item": "4.99" },
    "sold_by_package": {
      "is": false,
      "price_per_package": "",
      "units_per_package": "",
      "price_per_100g": ""
    },
    "img_src": "https://voila.ca/images-v3/2d92d19c-0354-49c0-8a91-5260ed0bf531/55d8400c-dd44-4d74-ae02-174e5d1e26b6/300x300.jpg",
    "link": "https://voila.ca/products/478921EA/details"
  },
  {
    "product_name": "Trudeau Farms Kale 227 g",
    "store": "iga",
    "sold_by_weight": { "is": false, "price_per_lb": "", "price_per_kg": "" },
    "sold_individually": { "is": false, "price_per_item": "" },
    "sold_by_package": {
      "is": true,
      "price_per_package": "5.49",
      "units_per_package": "227g",
      "price_per_100g": "2.42"
    },
    "img_src": "https://voila.ca/images-v3/2d92d19c-0354-49c0-8a91-5260ed0bf531/81f156bc-0241-44ed-ae8c-7a39a6f83eb9/300x300.jpg",
    "link": "https://voila.ca/products/361582EA/details"
  },
  {
    "product_name": "Baby Bok Choy 3 EA",
    "store": "iga",
    "sold_by_weight": { "is": false, "price_per_lb": "", "price_per_kg": "" },
    "sold_individually": { "is": false, "price_per_item": "" },
    "sold_by_package": {
      "is": true,
      "price_per_package": "5.49",
      "units_per_package": "3",
      "price_per_100g": ""
    },
    "img_src": "https://voila.ca/images-v3/2d92d19c-0354-49c0-8a91-5260ed0bf531/5c892246-1360-4274-bfde-8b86bdf57228/300x300.jpg",
    "link": "https://voila.ca/products/868090EA/details"
  },
  {
    "product_name": "Organic Green Cabbage 1 EA",
    "store": "iga",
    "sold_by_weight": { "is": false, "price_per_lb": "", "price_per_kg": "" },
    "sold_individually": { "is": true, "price_per_item": "5.49" },
    "sold_by_package": {
      "is": false,
      "price_per_package": "",
      "units_per_package": "",
      "price_per_100g": ""
    },
    "img_src": "https://voila.ca/images-v3/2d92d19c-0354-49c0-8a91-5260ed0bf531/a9b71f88-656d-4587-8670-8e9914807080/300x300.jpg",
    "link": "https://voila.ca/products/868100EA/details"
  },
  {
    "product_name": "Green Cabbage 1 EA",
    "store": "iga",
    "sold_by_weight": { "is": false, "price_per_lb": "", "price_per_kg": "" },
    "sold_individually": { "is": true, "price_per_item": "5.49" },
    "sold_by_package": {
      "is": false,
      "price_per_package": "",
      "units_per_package": "",
      "price_per_100g": ""
    },
    "img_src": "https://voila.ca/images-v3/2d92d19c-0354-49c0-8a91-5260ed0bf531/fdc74cc4-b0c4-48ca-bdac-7d614594d0b4/300x300.jpg",
    "link": "https://voila.ca/products/868097EA/details"
  },
  {
    "product_name": "Fresh Attitude Organic Baby Spinach 142 g",
    "store": "iga",
    "sold_by_weight": { "is": false, "price_per_lb": "", "price_per_kg": "" },
    "sold_individually": { "is": false, "price_per_item": "" },
    "sold_by_package": {
      "is": true,
      "price_per_package": "5.49",
      "units_per_package": "142g",
      "price_per_100g": "3.87"
    },
    "img_src": "https://voila.ca/images-v3/2d92d19c-0354-49c0-8a91-5260ed0bf531/d167f52e-eff4-4ee1-a2fa-47354f01438d/300x300.jpg",
    "link": "https://voila.ca/products/669144EA/details"
  },
  {
    "product_name": "Organic Red Cabbage 1 Count",
    "store": "iga",
    "sold_by_weight": { "is": false, "price_per_lb": "", "price_per_kg": "" },
    "sold_individually": { "is": true, "price_per_item": "6.99" },
    "sold_by_package": {
      "is": false,
      "price_per_package": "",
      "units_per_package": "",
      "price_per_100g": ""
    },
    "img_src": "https://voila.ca/images-v3/2d92d19c-0354-49c0-8a91-5260ed0bf531/fa46930e-a257-4210-899a-bac44a8ecbbb/300x300.jpg",
    "link": "https://voila.ca/products/868103EA/details"
  },
  {
    "product_name": "Red Cabbage Local 1 ea",
    "store": "iga",
    "sold_by_weight": { "is": false, "price_per_lb": "", "price_per_kg": "" },
    "sold_individually": { "is": true, "price_per_item": "6.99" },
    "sold_by_package": {
      "is": false,
      "price_per_package": "",
      "units_per_package": "",
      "price_per_100g": ""
    },
    "img_src": "https://voila.ca/images-v3/2d92d19c-0354-49c0-8a91-5260ed0bf531/6a4c5bb7-af88-4dcc-960d-5d65df7515f9/300x300.jpg",
    "link": "https://voila.ca/products/868104EA/details"
  },
  {
    "product_name": "Nappa Cabbage Local 1 ea",
    "store": "iga",
    "sold_by_weight": { "is": false, "price_per_lb": "", "price_per_kg": "" },
    "sold_individually": { "is": true, "price_per_item": "7.49" },
    "sold_by_package": {
      "is": false,
      "price_per_package": "",
      "units_per_package": "",
      "price_per_100g": ""
    },
    "img_src": "https://voila.ca/images-v3/2d92d19c-0354-49c0-8a91-5260ed0bf531/017f97f4-1855-4aff-928e-3d28fb6ce699/300x300.jpg",
    "link": "https://voila.ca/products/868279EA/details"
  },
  {
    "product_name": "Savoy Cabbage Local 1 ea",
    "store": "iga",
    "sold_by_weight": { "is": false, "price_per_lb": "", "price_per_kg": "" },
    "sold_individually": { "is": true, "price_per_item": "8.99" },
    "sold_by_package": {
      "is": false,
      "price_per_package": "",
      "units_per_package": "",
      "price_per_100g": ""
    },
    "img_src": "https://voila.ca/images-v3/2d92d19c-0354-49c0-8a91-5260ed0bf531/e421f7fc-1280-4e45-8e49-2a8912e8f6e6/300x300.jpg",
    "link": "https://voila.ca/products/868109EA/details"
  },
  {
    "product_name": "Leeks 3 EA",
    "store": "iga",
    "sold_by_weight": { "is": false, "price_per_lb": "", "price_per_kg": "" },
    "sold_individually": { "is": false, "price_per_item": "" },
    "sold_by_package": {
      "is": true,
      "price_per_package": "5.99",
      "units_per_package": "3",
      "price_per_100g": ""
    },
    "img_src": "https://voila.ca/images-v3/2d92d19c-0354-49c0-8a91-5260ed0bf531/3a8e5854-bf32-477e-9073-be3e4275e007/300x300.jpg",
    "link": "https://voila.ca/products/868169EA/details"
  },
  {
    "product_name": "Romaine Hearts Local 3 Pack",
    "store": "iga",
    "sold_by_weight": { "is": false, "price_per_lb": "", "price_per_kg": "" },
    "sold_individually": { "is": false, "price_per_item": "" },
    "sold_by_package": {
      "is": true,
      "price_per_package": "3.49",
      "units_per_package": "510g",
      "price_per_100g": "0.68"
    },
    "img_src": "https://voila.ca/images-v3/2d92d19c-0354-49c0-8a91-5260ed0bf531/8c020074-52e4-4453-92b4-cecdb5c5a01f/300x300.jpg",
    "link": "https://voila.ca/products/3425EA/details"
  },
  {
    "product_name": "Iceberg Lettuce Local 1 EA",
    "store": "iga",
    "sold_by_weight": { "is": false, "price_per_lb": "", "price_per_kg": "" },
    "sold_individually": { "is": true, "price_per_item": "1.99" },
    "sold_by_package": {
      "is": false,
      "price_per_package": "",
      "units_per_package": "",
      "price_per_100g": ""
    },
    "img_src": "https://voila.ca/images-v3/2d92d19c-0354-49c0-8a91-5260ed0bf531/b20338f5-71ea-4690-b00f-41af79b4e36b/300x300.jpg",
    "link": "https://voila.ca/products/750521EA/details"
  },
  {
    "product_name": "Boston Single Dome Lettuce 1 ea",
    "store": "iga",
    "sold_by_weight": { "is": false, "price_per_lb": "", "price_per_kg": "" },
    "sold_individually": { "is": true, "price_per_item": "2.50" },
    "sold_by_package": {
      "is": false,
      "price_per_package": "",
      "units_per_package": "",
      "price_per_100g": ""
    },
    "img_src": "https://voila.ca/images-v3/2d92d19c-0354-49c0-8a91-5260ed0bf531/2dc44fee-e5da-4027-8c49-a492fa96efe9/300x300.jpg",
    "link": "https://voila.ca/products/2111EA/details"
  },
  {
    "product_name": "Andy Boy Organic Lettuce Romaine Hearts 3 Pack 340 g",
    "store": "iga",
    "sold_by_weight": { "is": false, "price_per_lb": "", "price_per_kg": "" },
    "sold_individually": { "is": false, "price_per_item": "" },
    "sold_by_package": {
      "is": true,
      "price_per_package": "4.99",
      "units_per_package": "340g",
      "price_per_100g": "1.47"
    },
    "img_src": "https://voila.ca/images-v3/2d92d19c-0354-49c0-8a91-5260ed0bf531/691c95f4-78aa-481b-bec8-cf37f1b7b03b/300x300.jpg",
    "link": "https://voila.ca/products/414489EA/details"
  },
  {
    "product_name": "Organic Iceberg Lettuce",
    "store": "iga",
    "sold_by_weight": { "is": false, "price_per_lb": "", "price_per_kg": "" },
    "sold_individually": { "is": true, "price_per_item": "2.99" },
    "sold_by_package": {
      "is": false,
      "price_per_package": "",
      "units_per_package": "",
      "price_per_100g": ""
    },
    "img_src": "https://voila.ca/images-v3/2d92d19c-0354-49c0-8a91-5260ed0bf531/e46307cf-9c49-4431-8b74-0938a77b6cc5/300x300.jpg",
    "link": "https://voila.ca/products/112780EA/details"
  },
  {
    "product_name": "Mirabel Frisees Twin Lettuce Hydroponic 2 EA",
    "store": "iga",
    "sold_by_weight": { "is": false, "price_per_lb": "", "price_per_kg": "" },
    "sold_individually": { "is": false, "price_per_item": "" },
    "sold_by_package": {
      "is": true,
      "price_per_package": "2.99",
      "units_per_package": "2",
      "price_per_100g": ""
    },
    "img_src": "https://voila.ca/images-v3/2d92d19c-0354-49c0-8a91-5260ed0bf531/3fb0e922-e00c-4350-9b0e-93ca8d76ee28/300x300.jpg",
    "link": "https://voila.ca/products/949386EA/details"
  },
  {
    "product_name": "Boston Lettuce Duo 2 ea",
    "store": "iga",
    "sold_by_weight": { "is": false, "price_per_lb": "", "price_per_kg": "" },
    "sold_individually": { "is": false, "price_per_item": "" },
    "sold_by_package": {
      "is": true,
      "price_per_package": "2.99",
      "units_per_package": "2",
      "price_per_100g": ""
    },
    "img_src": "https://voila.ca/images-v3/2d92d19c-0354-49c0-8a91-5260ed0bf531/2ad4ac08-4b5c-4398-8f49-52d007620ec6/300x300.jpg",
    "link": "https://voila.ca/products/308655EA/details"
  },
  {
    "product_name": "Romaine Lettuce Local 1 EA",
    "store": "iga",
    "sold_by_weight": { "is": false, "price_per_lb": "", "price_per_kg": "" },
    "sold_individually": { "is": true, "price_per_item": "1.79" },
    "sold_by_package": {
      "is": false,
      "price_per_package": "",
      "units_per_package": "",
      "price_per_100g": ""
    },
    "img_src": "https://voila.ca/images-v3/2d92d19c-0354-49c0-8a91-5260ed0bf531/eac55382-8d5b-42d4-b7f9-6e8158707e5f/300x300.jpg",
    "link": "https://voila.ca/products/868188EA/details"
  },
  {
    "product_name": "Red Leaf Lettuce Local 1 EA",
    "store": "iga",
    "sold_by_weight": { "is": false, "price_per_lb": "", "price_per_kg": "" },
    "sold_individually": { "is": true, "price_per_item": "1.99" },
    "sold_by_package": {
      "is": false,
      "price_per_package": "",
      "units_per_package": "",
      "price_per_100g": ""
    },
    "img_src": "https://voila.ca/images-v3/2d92d19c-0354-49c0-8a91-5260ed0bf531/fac0104d-2b08-49a3-af33-231a5d4352d4/300x300.jpg",
    "link": "https://voila.ca/products/868187EA/details"
  },
  {
    "product_name": "Lettuce Escarole Local 1 ea",
    "store": "iga",
    "sold_by_weight": { "is": false, "price_per_lb": "", "price_per_kg": "" },
    "sold_individually": { "is": true, "price_per_item": "2.99" },
    "sold_by_package": {
      "is": false,
      "price_per_package": "",
      "units_per_package": "",
      "price_per_100g": ""
    },
    "img_src": "https://voila.ca/images-v3/2d92d19c-0354-49c0-8a91-5260ed0bf531/ec0b4edf-616f-455c-8a41-e14eeb877f71/300x300.jpg",
    "link": "https://voila.ca/products/849456EA/details"
  },
  {
    "product_name": "Romaine Lettuce Organic Local 1 EA",
    "store": "iga",
    "sold_by_weight": { "is": false, "price_per_lb": "", "price_per_kg": "" },
    "sold_individually": { "is": true, "price_per_item": "4.99" },
    "sold_by_package": {
      "is": false,
      "price_per_package": "",
      "units_per_package": "",
      "price_per_100g": ""
    },
    "img_src": "https://voila.ca/images-v3/2d92d19c-0354-49c0-8a91-5260ed0bf531/6a6fe9c3-e19f-4ad3-bfa6-cabefab5bdd8/300x300.jpg",
    "link": "https://voila.ca/products/12153EA/details"
  },
  {
    "product_name": "Oyster Mushrooms 85 g",
    "store": "iga",
    "sold_by_weight": { "is": false, "price_per_lb": "", "price_per_kg": "" },
    "sold_individually": { "is": false, "price_per_item": "" },
    "sold_by_package": {
      "is": true,
      "price_per_package": "3.49",
      "units_per_package": "85g",
      "price_per_100g": "4.11"
    },
    "img_src": "https://voila.ca/images-v3/2d92d19c-0354-49c0-8a91-5260ed0bf531/780694e4-90b1-44f1-b03d-09b22f693c29/300x300.jpg",
    "link": "https://voila.ca/products/7946EA/details"
  },
  {
    "product_name": "Compliments Organic Mushrooms Oyster 85 g",
    "store": "iga",
    "sold_by_weight": { "is": false, "price_per_lb": "", "price_per_kg": "" },
    "sold_individually": { "is": false, "price_per_item": "" },
    "sold_by_package": {
      "is": true,
      "price_per_package": "3.49",
      "units_per_package": "85g",
      "price_per_100g": "4.11"
    },
    "img_src": "https://voila.ca/images-v3/2d92d19c-0354-49c0-8a91-5260ed0bf531/939d699d-9e78-46e8-870e-8baf883213f5/300x300.jpg",
    "link": "https://voila.ca/products/611439EA/details"
  },
  {
    "product_name": "Compliments Mushroom Portabella Caps 170 g",
    "store": "iga",
    "sold_by_weight": { "is": false, "price_per_lb": "", "price_per_kg": "" },
    "sold_individually": { "is": false, "price_per_item": "" },
    "sold_by_package": {
      "is": true,
      "price_per_package": "5.49",
      "units_per_package": "170g",
      "price_per_100g": "3.23"
    },
    "img_src": "https://voila.ca/images-v3/2d92d19c-0354-49c0-8a91-5260ed0bf531/b8079e21-8851-447f-abd1-4b5bc3640245/300x300.jpg",
    "link": "https://voila.ca/products/139870EA/details"
  },
  {
    "product_name": "Compliments Organic Mushrooms Sliced Portabella 170 g",
    "store": "iga",
    "sold_by_weight": { "is": false, "price_per_lb": "", "price_per_kg": "" },
    "sold_individually": { "is": false, "price_per_item": "" },
    "sold_by_package": {
      "is": true,
      "price_per_package": "5.69",
      "units_per_package": "170g",
      "price_per_100g": "3.35"
    },
    "img_src": "https://voila.ca/images-v3/2d92d19c-0354-49c0-8a91-5260ed0bf531/d62d6b02-30b0-42cf-a6c5-be05f7892265/300x300.jpg",
    "link": "https://voila.ca/products/192396EA/details"
  },
  {
    "product_name": "Compliments Organic Mushrooms King Oyster 170 g",
    "store": "iga",
    "sold_by_weight": { "is": false, "price_per_lb": "", "price_per_kg": "" },
    "sold_individually": { "is": false, "price_per_item": "" },
    "sold_by_package": {
      "is": true,
      "price_per_package": "6.99",
      "units_per_package": "170g",
      "price_per_100g": "4.11"
    },
    "img_src": "https://voila.ca/images-v3/2d92d19c-0354-49c0-8a91-5260ed0bf531/8f87d406-1e8b-4fba-bcac-2e477f15a63c/300x300.jpg",
    "link": "https://voila.ca/products/611047EA/details"
  },
  {
    "product_name": "Compliments Whole White Mushroom 1.5 lb 680 g",
    "store": "iga",
    "sold_by_weight": { "is": false, "price_per_lb": "", "price_per_kg": "" },
    "sold_individually": { "is": false, "price_per_item": "" },
    "sold_by_package": {
      "is": true,
      "price_per_package": "7.99",
      "units_per_package": "680g",
      "price_per_100g": "1.18"
    },
    "img_src": "https://voila.ca/images-v3/2d92d19c-0354-49c0-8a91-5260ed0bf531/2b3295ad-a560-4d5c-b208-9603eeb20981/300x300.jpg",
    "link": "https://voila.ca/products/733225EA/details"
  },
  {
    "product_name": "Compliments Organic Mushrooms Whole White 227 g",
    "store": "iga",
    "sold_by_weight": { "is": false, "price_per_lb": "", "price_per_kg": "" },
    "sold_individually": { "is": false, "price_per_item": "" },
    "sold_by_package": {
      "is": true,
      "price_per_package": "3.49",
      "units_per_package": "227g",
      "price_per_100g": "1.54"
    },
    "img_src": "https://voila.ca/images-v3/2d92d19c-0354-49c0-8a91-5260ed0bf531/f15c74cb-243b-4b39-a79b-42d1e397e233/300x300.jpg",
    "link": "https://voila.ca/products/192394EA/details"
  },
  {
    "product_name": "Compliments Organic Mushrooms White Sliced 227 g",
    "store": "iga",
    "sold_by_weight": { "is": false, "price_per_lb": "", "price_per_kg": "" },
    "sold_individually": { "is": false, "price_per_item": "" },
    "sold_by_package": {
      "is": true,
      "price_per_package": "3.49",
      "units_per_package": "227g",
      "price_per_100g": "1.54"
    },
    "img_src": "https://voila.ca/images-v3/2d92d19c-0354-49c0-8a91-5260ed0bf531/ad04cd22-41d8-473a-b4e6-0467fcfc376d/300x300.jpg",
    "link": "https://voila.ca/products/611602EA/details"
  },
  {
    "product_name": "Compliments Organic Mushrooms Whole Cremini 227 g",
    "store": "iga",
    "sold_by_weight": { "is": false, "price_per_lb": "", "price_per_kg": "" },
    "sold_individually": { "is": false, "price_per_item": "" },
    "sold_by_package": {
      "is": true,
      "price_per_package": "3.99",
      "units_per_package": "227g",
      "price_per_100g": "1.76"
    },
    "img_src": "https://voila.ca/images-v3/2d92d19c-0354-49c0-8a91-5260ed0bf531/89bd0dc2-ed20-488c-a42e-2f591042012a/300x300.jpg",
    "link": "https://voila.ca/products/192395EA/details"
  },
  {
    "product_name": "Compliments Organic Mushrooms Shiitake 113 g",
    "store": "iga",
    "sold_by_weight": { "is": false, "price_per_lb": "", "price_per_kg": "" },
    "sold_individually": { "is": false, "price_per_item": "" },
    "sold_by_package": {
      "is": true,
      "price_per_package": "6.49",
      "units_per_package": "113g",
      "price_per_100g": "5.74"
    },
    "img_src": "https://voila.ca/images-v3/2d92d19c-0354-49c0-8a91-5260ed0bf531/0280706d-3dc7-4592-890f-e0fe60e42269/300x300.jpg",
    "link": "https://voila.ca/products/611458EA/details"
  },
  {
    "product_name": "Compliments Organic Mushrooms Portabella Caps 170 g",
    "store": "iga",
    "sold_by_weight": { "is": false, "price_per_lb": "", "price_per_kg": "" },
    "sold_individually": { "is": false, "price_per_item": "" },
    "sold_by_package": {
      "is": true,
      "price_per_package": "6.99",
      "units_per_package": "170g",
      "price_per_100g": "4.11"
    },
    "img_src": "https://voila.ca/images-v3/2d92d19c-0354-49c0-8a91-5260ed0bf531/192e6ae8-ced7-4936-8136-5e634204f77d/300x300.jpg",
    "link": "https://voila.ca/products/611450EA/details"
  },
  {
    "product_name": "Compliments Mushrooms Whole White 227 g",
    "store": "iga",
    "sold_by_weight": { "is": false, "price_per_lb": "", "price_per_kg": "" },
    "sold_individually": { "is": false, "price_per_item": "" },
    "sold_by_package": {
      "is": true,
      "price_per_package": "2.99",
      "units_per_package": "227g",
      "price_per_100g": "1.32"
    },
    "img_src": "https://voila.ca/images-v3/2d92d19c-0354-49c0-8a91-5260ed0bf531/d6826436-0c04-4359-b884-f088ad9c83f2/300x300.jpg",
    "link": "https://voila.ca/products/452220EA/details"
  },
  {
    "product_name": "High Line Button Mushrooms 227 g",
    "store": "iga",
    "sold_by_weight": { "is": false, "price_per_lb": "", "price_per_kg": "" },
    "sold_individually": { "is": false, "price_per_item": "" },
    "sold_by_package": {
      "is": true,
      "price_per_package": "3.99",
      "units_per_package": "227g",
      "price_per_100g": "1.76"
    },
    "img_src": "https://voila.ca/images-v3/2d92d19c-0354-49c0-8a91-5260ed0bf531/3fdbd5d9-e4af-4e12-8bb8-e17e01e6695d/300x300.jpg",
    "link": "https://voila.ca/products/250849EA/details"
  },
  {
    "product_name": "Porteenies Mushrooms 170 g",
    "store": "iga",
    "sold_by_weight": { "is": false, "price_per_lb": "", "price_per_kg": "" },
    "sold_individually": { "is": false, "price_per_item": "" },
    "sold_by_package": {
      "is": true,
      "price_per_package": "3.99",
      "units_per_package": "170g",
      "price_per_100g": "2.35"
    },
    "img_src": "https://voila.ca/images-v3/2d92d19c-0354-49c0-8a91-5260ed0bf531/3462172a-d66a-4ba7-b7b2-0cf1f810870f/300x300.jpg",
    "link": "https://voila.ca/products/409897EA/details"
  },
  {
    "product_name": "Shiitake Mushrooms 113 g",
    "store": "iga",
    "sold_by_weight": { "is": false, "price_per_lb": "", "price_per_kg": "" },
    "sold_individually": { "is": false, "price_per_item": "" },
    "sold_by_package": {
      "is": true,
      "price_per_package": "5.99",
      "units_per_package": "113g",
      "price_per_100g": "5.30"
    },
    "img_src": "https://voila.ca/images-v3/2d92d19c-0354-49c0-8a91-5260ed0bf531/9c9c9505-7d4b-4d96-a77b-bcb004e50792/300x300.jpg",
    "link": "https://voila.ca/products/1649EA/details"
  },
  {
    "product_name": "Portabello Sliced Mushrooms 170 g",
    "store": "iga",
    "sold_by_weight": { "is": false, "price_per_lb": "", "price_per_kg": "" },
    "sold_individually": { "is": false, "price_per_item": "" },
    "sold_by_package": {
      "is": true,
      "price_per_package": "6.99",
      "units_per_package": "170g",
      "price_per_100g": "4.11"
    },
    "img_src": "https://voila.ca/images-v3/2d92d19c-0354-49c0-8a91-5260ed0bf531/46c54628-7fd1-49e3-bb59-c62fb099b3fd/300x300.jpg",
    "link": "https://voila.ca/products/7973EA/details"
  },
  {
    "product_name": "Exotic Mix Mushrooms 170 g",
    "store": "iga",
    "sold_by_weight": { "is": false, "price_per_lb": "", "price_per_kg": "" },
    "sold_individually": { "is": false, "price_per_item": "" },
    "sold_by_package": {
      "is": true,
      "price_per_package": "7.99",
      "units_per_package": "170g",
      "price_per_100g": "4.70"
    },
    "img_src": "https://voila.ca/images-v3/2d92d19c-0354-49c0-8a91-5260ed0bf531/ec6237d6-5a40-45b1-84e8-890ef89e84df/300x300.jpg",
    "link": "https://voila.ca/products/267610EA/details"
  },
  {
    "product_name": "Yellow Onions 907 g",
    "store": "iga",
    "sold_by_weight": { "is": false, "price_per_lb": "", "price_per_kg": "" },
    "sold_individually": { "is": false, "price_per_item": "" },
    "sold_by_package": {
      "is": true,
      "price_per_package": "2.99",
      "units_per_package": "907g",
      "price_per_100g": "0.33"
    },
    "img_src": "https://voila.ca/images-v3/2d92d19c-0354-49c0-8a91-5260ed0bf531/67f6634f-37a0-4d83-a155-0154050ca479/300x300.jpg",
    "link": "https://voila.ca/products/14573EA/details"
  },
  {
    "product_name": "Yellow Onions 5 lbs",
    "store": "iga",
    "sold_by_weight": { "is": false, "price_per_lb": "", "price_per_kg": "" },
    "sold_individually": { "is": false, "price_per_item": "" },
    "sold_by_package": {
      "is": true,
      "price_per_package": "4.99",
      "units_per_package": "2.27kg",
      "price_per_100g": "0.22"
    },
    "img_src": "https://voila.ca/images-v3/2d92d19c-0354-49c0-8a91-5260ed0bf531/bd5aa0e5-f73b-4e70-b198-f9828acf51bb/300x300.jpg",
    "link": "https://voila.ca/products/113251EA/details"
  },
  {
    "product_name": "Dry Shallots 350 g",
    "store": "iga",
    "sold_by_weight": { "is": false, "price_per_lb": "", "price_per_kg": "" },
    "sold_individually": { "is": false, "price_per_item": "" },
    "sold_by_package": {
      "is": true,
      "price_per_package": "3.49",
      "units_per_package": "350g",
      "price_per_100g": "1.00"
    },
    "img_src": "https://voila.ca/images-v3/2d92d19c-0354-49c0-8a91-5260ed0bf531/c89019e0-4b09-4a26-a5e1-e6dc7a2dfcb0/300x300.jpg",
    "link": "https://voila.ca/products/212912EA/details"
  },
  {
    "product_name": "Organic Red Onion 1.36kg",
    "store": "iga",
    "sold_by_weight": { "is": false, "price_per_lb": "", "price_per_kg": "" },
    "sold_individually": { "is": false, "price_per_item": "" },
    "sold_by_package": {
      "is": true,
      "price_per_package": "8.99",
      "units_per_package": "1.36kg",
      "price_per_100g": "0.66"
    },
    "img_src": "https://voila.ca/images-v3/2d92d19c-0354-49c0-8a91-5260ed0bf531/9e0b0a91-6ca2-4009-a31d-b10b08f10d5c/300x300.jpg",
    "link": "https://voila.ca/products/10318EA/details"
  },
  {
    "product_name": "Organic Onions Yellow 1.36kg",
    "store": "iga",
    "sold_by_weight": { "is": false, "price_per_lb": "", "price_per_kg": "" },
    "sold_individually": { "is": false, "price_per_item": "" },
    "sold_by_package": {
      "is": true,
      "price_per_package": "7.99",
      "units_per_package": "1.36kg",
      "price_per_100g": "0.59"
    },
    "img_src": "https://voila.ca/images-v3/2d92d19c-0354-49c0-8a91-5260ed0bf531/cf3c1f48-ea2e-4b18-bac7-97cd5e86f98b/300x300.jpg",
    "link": "https://voila.ca/products/130657EA/details"
  },
  {
    "product_name": "Green Onion 2 EA",
    "store": "iga",
    "sold_by_weight": { "is": false, "price_per_lb": "", "price_per_kg": "" },
    "sold_individually": { "is": false, "price_per_item": "" },
    "sold_by_package": {
      "is": true,
      "price_per_package": "1.79",
      "units_per_package": "2",
      "price_per_100g": ""
    },
    "img_src": "https://voila.ca/images-v3/2d92d19c-0354-49c0-8a91-5260ed0bf531/4dc407cc-87ef-4468-b52f-581976ee1d0f/300x300.jpg",
    "link": "https://voila.ca/products/868147EA/details"
  },
  {
    "product_name": "Red Pearl Onions 175 g",
    "store": "iga",
    "sold_by_weight": { "is": false, "price_per_lb": "", "price_per_kg": "" },
    "sold_individually": { "is": false, "price_per_item": "" },
    "sold_by_package": {
      "is": true,
      "price_per_package": "2.99",
      "units_per_package": "175g",
      "price_per_100g": "1.71"
    },
    "img_src": "https://voila.ca/images-v3/2d92d19c-0354-49c0-8a91-5260ed0bf531/67f57195-fff2-4d8a-bcef-c486bd36ea66/300x300.jpg",
    "link": "https://voila.ca/products/577204EA/details"
  },
  {
    "product_name": "White Pearl Onions 175g",
    "store": "iga",
    "sold_by_weight": { "is": false, "price_per_lb": "", "price_per_kg": "" },
    "sold_individually": { "is": false, "price_per_item": "" },
    "sold_by_package": {
      "is": true,
      "price_per_package": "2.99",
      "units_per_package": "175g",
      "price_per_100g": "1.71"
    },
    "img_src": "https://voila.ca/images-v3/2d92d19c-0354-49c0-8a91-5260ed0bf531/75c70737-41b6-44b6-8f8d-e8415acc0d32/300x300.jpg",
    "link": "https://voila.ca/products/577114EA/details"
  },
  {
    "product_name": "Yellow Pearl Onions 175g",
    "store": "iga",
    "sold_by_weight": { "is": false, "price_per_lb": "", "price_per_kg": "" },
    "sold_individually": { "is": false, "price_per_item": "" },
    "sold_by_package": {
      "is": true,
      "price_per_package": "2.99",
      "units_per_package": "175g",
      "price_per_100g": "1.71"
    },
    "img_src": "https://voila.ca/images-v3/2d92d19c-0354-49c0-8a91-5260ed0bf531/cd0ff754-4dcc-4d5b-82b1-45407ec080ac/300x300.jpg",
    "link": "https://voila.ca/products/577136EA/details"
  },
  {
    "product_name": "Red Onion 2 EA",
    "store": "iga",
    "sold_by_weight": { "is": false, "price_per_lb": "", "price_per_kg": "" },
    "sold_individually": { "is": false, "price_per_item": "" },
    "sold_by_package": {
      "is": true,
      "price_per_package": "2.99",
      "units_per_package": "2",
      "price_per_100g": ""
    },
    "img_src": "https://voila.ca/images-v3/2d92d19c-0354-49c0-8a91-5260ed0bf531/75437ac8-cc26-4b94-b5fb-e30a53c7ea8a/300x300.jpg",
    "link": "https://voila.ca/products/868326EA/details"
  },
  {
    "product_name": "Cipollini Onions Bag 284 g",
    "store": "iga",
    "sold_by_weight": { "is": false, "price_per_lb": "", "price_per_kg": "" },
    "sold_individually": { "is": false, "price_per_item": "" },
    "sold_by_package": {
      "is": true,
      "price_per_package": "4.99",
      "units_per_package": "284g",
      "price_per_100g": "1.76"
    },
    "img_src": "https://voila.ca/images-v3/2d92d19c-0354-49c0-8a91-5260ed0bf531/808b76f0-a389-4c0a-9ebb-901b011e5923/300x300.jpg",
    "link": "https://voila.ca/products/211081EA/details"
  },
  {
    "product_name": "Red Onions 2 lb / 908 g",
    "store": "iga",
    "sold_by_weight": { "is": false, "price_per_lb": "", "price_per_kg": "" },
    "sold_individually": { "is": false, "price_per_item": "" },
    "sold_by_package": {
      "is": true,
      "price_per_package": "4.99",
      "units_per_package": "908g",
      "price_per_100g": "0.55"
    },
    "img_src": "https://voila.ca/images-v3/2d92d19c-0354-49c0-8a91-5260ed0bf531/f5dc6561-63b8-41cf-b652-f3a8a721ea16/300x300.jpg",
    "link": "https://voila.ca/products/112710EA/details"
  },
  {
    "product_name": "White Onions 908 g",
    "store": "iga",
    "sold_by_weight": { "is": false, "price_per_lb": "", "price_per_kg": "" },
    "sold_individually": { "is": false, "price_per_item": "" },
    "sold_by_package": {
      "is": true,
      "price_per_package": "5.99",
      "units_per_package": "908g",
      "price_per_100g": "0.66"
    },
    "img_src": "https://voila.ca/images-v3/2d92d19c-0354-49c0-8a91-5260ed0bf531/c0d83c84-45ab-4be3-ad1a-940c561d61dd/300x300.jpg",
    "link": "https://voila.ca/products/734057EA/details"
  },
  {
    "product_name": "Onions 3 Colors 908 g",
    "store": "iga",
    "sold_by_weight": { "is": false, "price_per_lb": "", "price_per_kg": "" },
    "sold_individually": { "is": false, "price_per_item": "" },
    "sold_by_package": {
      "is": true,
      "price_per_package": "5.99",
      "units_per_package": "908g",
      "price_per_100g": "0.66"
    },
    "img_src": "https://voila.ca/images-v3/2d92d19c-0354-49c0-8a91-5260ed0bf531/146caa46-dcd2-4129-8e8e-a6b67d2e49de/300x300.jpg",
    "link": "https://voila.ca/products/299535EA/details"
  },
  {
    "product_name": "The Little Potato Company Potatoes Blushing Belle 3 lb 1.36 kg",
    "store": "iga",
    "sold_by_weight": { "is": false, "price_per_lb": "", "price_per_kg": "" },
    "sold_individually": { "is": false, "price_per_item": "" },
    "sold_by_package": {
      "is": true,
      "price_per_package": "7.99",
      "units_per_package": "1.36kg",
      "price_per_100g": ""
    },
    "img_src": "https://voila.ca/images-v3/2d92d19c-0354-49c0-8a91-5260ed0bf531/434daf3c-a461-4990-8820-73e244ba65f8/300x300.jpg",
    "link": "https://voila.ca/products/660955EA/details"
  },
  {
    "product_name": "The Little Potato Company Gluten-Free Oven/BBQ Ready Potatoes Onion & Chive 454 g",
    "store": "iga",
    "sold_by_weight": { "is": false, "price_per_lb": "", "price_per_kg": "" },
    "sold_individually": { "is": false, "price_per_item": "" },
    "sold_by_package": {
      "is": true,
      "price_per_package": "4.99",
      "units_per_package": "454g",
      "price_per_100g": "1.10"
    },
    "img_src": "https://voila.ca/images-v3/2d92d19c-0354-49c0-8a91-5260ed0bf531/ed4f6d9e-b2c1-48b4-9220-bd2dde78ae99/300x300.jpg",
    "link": "https://voila.ca/products/935976EA/details"
  },
  {
    "product_name": "The Little Potato Company Oven/BBQ Ready Potatoes Garlic Herb 454 g",
    "store": "iga",
    "sold_by_weight": { "is": false, "price_per_lb": "", "price_per_kg": "" },
    "sold_individually": { "is": false, "price_per_item": "" },
    "sold_by_package": {
      "is": true,
      "price_per_package": "4.99",
      "units_per_package": "454g",
      "price_per_100g": "1.10"
    },
    "img_src": "https://voila.ca/images-v3/2d92d19c-0354-49c0-8a91-5260ed0bf531/6e82ab38-53be-4e89-ac25-64e22bb0336c/300x300.jpg",
    "link": "https://voila.ca/products/359831EA/details"
  },
  {
    "product_name": "The Little Potato Company Potatoes Blushing Belle 680 g",
    "store": "iga",
    "sold_by_weight": { "is": false, "price_per_lb": "", "price_per_kg": "" },
    "sold_individually": { "is": false, "price_per_item": "" },
    "sold_by_package": {
      "is": true,
      "price_per_package": "4.99",
      "units_per_package": "680g",
      "price_per_100g": "0.73"
    },
    "img_src": "https://voila.ca/images-v3/2d92d19c-0354-49c0-8a91-5260ed0bf531/53bc1835-5524-4391-a865-410c67d66d32/300x300.jpg",
    "link": "https://voila.ca/products/398360EA/details"
  },
  {
    "product_name": "The Little Potato Company Microwave Ready Potatoes Garlic Parsley 454 g",
    "store": "iga",
    "sold_by_weight": { "is": false, "price_per_lb": "", "price_per_kg": "" },
    "sold_individually": { "is": false, "price_per_item": "" },
    "sold_by_package": {
      "is": true,
      "price_per_package": "4.99",
      "units_per_package": "454g",
      "price_per_100g": "1.10"
    },
    "img_src": "https://voila.ca/images-v3/2d92d19c-0354-49c0-8a91-5260ed0bf531/c0e835d4-6bea-4fec-8be3-b4832b2ec9e9/300x300.jpg",
    "link": "https://voila.ca/products/346592EA/details"
  },
  {
    "product_name": "The Little Potato Company Potatoes Boomer Gold (3 lb Bag) ea",
    "store": "iga",
    "sold_by_weight": { "is": false, "price_per_lb": "", "price_per_kg": "" },
    "sold_individually": { "is": false, "price_per_item": "" },
    "sold_by_package": {
      "is": true,
      "price_per_package": "7.99",
      "units_per_package": "3lb",
      "price_per_100g": "0.59"
    },
    "img_src": "https://voila.ca/images-v3/2d92d19c-0354-49c0-8a91-5260ed0bf531/ae5a6d39-35e8-4554-9f87-621eb5651570/300x300.jpg",
    "link": "https://voila.ca/products/660532EA/details"
  },
  {
    "product_name": "The Little Potato Company Potatoes Terrific Trio Variety Pack (3 lb Bag) 1.36 kg",
    "store": "iga",
    "sold_by_weight": { "is": false, "price_per_lb": "", "price_per_kg": "" },
    "sold_individually": { "is": false, "price_per_item": "" },
    "sold_by_package": {
      "is": true,
      "price_per_package": "7.99",
      "units_per_package": "3lb",
      "price_per_100g": "0.59"
    },
    "img_src": "https://voila.ca/images-v3/2d92d19c-0354-49c0-8a91-5260ed0bf531/f6a6be86-8d18-4178-98d8-d315cb3b3baf/300x300.jpg",
    "link": "https://voila.ca/products/660952EA/details"
  },
  {
    "product_name": "The Little Potato Company Savoury Herb Microwave Ready Potatoes 454 g",
    "store": "iga",
    "sold_by_weight": { "is": false, "price_per_lb": "", "price_per_kg": "" },
    "sold_individually": { "is": false, "price_per_item": "" },
    "sold_by_package": {
      "is": true,
      "price_per_package": "4.99",
      "units_per_package": "454g",
      "price_per_100g": "1.10"
    },
    "img_src": "https://voila.ca/images-v3/2d92d19c-0354-49c0-8a91-5260ed0bf531/9aa0c639-2602-4efe-b86e-01544b63490f/300x300.jpg",
    "link": "https://voila.ca/products/305753EA/details"
  },
  {
    "product_name": "The Little Potato Company Terrific Trio Potatoes 680 g",
    "store": "iga",
    "sold_by_weight": { "is": false, "price_per_lb": "", "price_per_kg": "" },
    "sold_individually": { "is": false, "price_per_item": "" },
    "sold_by_package": {
      "is": true,
      "price_per_package": "4.99",
      "units_per_package": "680g",
      "price_per_100g": "0.73"
    },
    "img_src": "https://voila.ca/images-v3/2d92d19c-0354-49c0-8a91-5260ed0bf531/ee046397-4151-4f5d-8dd9-91ae12db70c0/300x300.jpg",
    "link": "https://voila.ca/products/398410EA/details"
  },
  {
    "product_name": "Mamzells Potatoe Ella 680 g",
    "store": "iga",
    "sold_by_weight": { "is": false, "price_per_lb": "", "price_per_kg": "" },
    "sold_individually": { "is": false, "price_per_item": "" },
    "sold_by_package": {
      "is": true,
      "price_per_package": "3.99",
      "units_per_package": "680g",
      "price_per_100g": "0.59"
    },
    "img_src": "https://voila.ca/images-v3/2d92d19c-0354-49c0-8a91-5260ed0bf531/065f4d81-d43e-4f6f-80c5-bd7d84b45c2f/300x300.jpg",
    "link": "https://voila.ca/products/409672EA/details"
  },
  {
    "product_name": "Red Potatoes With Yellow Flesh 2.27 kg",
    "store": "iga",
    "sold_by_weight": { "is": false, "price_per_lb": "", "price_per_kg": "" },
    "sold_individually": { "is": false, "price_per_item": "" },
    "sold_by_package": {
      "is": true,
      "price_per_package": "3.99",
      "units_per_package": "2.27kg",
      "price_per_100g": "0.18"
    },
    "img_src": "https://voila.ca/images-v3/2d92d19c-0354-49c0-8a91-5260ed0bf531/8c4ff2e4-389e-44be-9011-b324ab712bba/300x300.jpg",
    "link": "https://voila.ca/products/266917EA/details"
  },
  {
    "product_name": "La Gabrielle Potatoes Yellow Fingerling 907 g",
    "store": "iga",
    "sold_by_weight": { "is": false, "price_per_lb": "", "price_per_kg": "" },
    "sold_individually": { "is": false, "price_per_item": "" },
    "sold_by_package": {
      "is": true,
      "price_per_package": "3.99",
      "units_per_package": "907g",
      "price_per_100g": "0.44"
    },
    "img_src": "https://voila.ca/images-v3/2d92d19c-0354-49c0-8a91-5260ed0bf531/7ff27053-4274-43eb-b9d4-8fe2f68fa45b/300x300.jpg",
    "link": "https://voila.ca/products/405362EA/details"
  },
  {
    "product_name": "Compliments Potatoes Yellow Fleshed 2.27 kg",
    "store": "iga",
    "sold_by_weight": { "is": false, "price_per_lb": "", "price_per_kg": "" },
    "sold_individually": { "is": false, "price_per_item": "" },
    "sold_by_package": {
      "is": true,
      "price_per_package": "4.99",
      "units_per_package": "2.27kg",
      "price_per_100g": "0.22"
    },
    "img_src": "https://voila.ca/images-v3/2d92d19c-0354-49c0-8a91-5260ed0bf531/a21c491d-d948-4d14-a29b-8f8107e5d772/300x300.jpg",
    "link": "https://voila.ca/products/608570EA/details"
  },
  {
    "product_name": "Russet Potatoes In Foil 4 Pack",
    "store": "iga",
    "sold_by_weight": { "is": false, "price_per_lb": "", "price_per_kg": "" },
    "sold_individually": { "is": false, "price_per_item": "" },
    "sold_by_package": {
      "is": true,
      "price_per_package": "4.99",
      "units_per_package": "4",
      "price_per_100g": ""
    },
    "img_src": "https://voila.ca/images-v3/2d92d19c-0354-49c0-8a91-5260ed0bf531/8eecc6a5-1eb1-481b-b1c7-107c453fb315/300x300.jpg",
    "link": "https://voila.ca/products/954927EA/details"
  },
  {
    "product_name": "Compliments Potatoes Red 2.27 kg",
    "store": "iga",
    "sold_by_weight": { "is": false, "price_per_lb": "", "price_per_kg": "" },
    "sold_individually": { "is": false, "price_per_item": "" },
    "sold_by_package": {
      "is": true,
      "price_per_package": "4.99",
      "units_per_package": "2.27kg",
      "price_per_100g": "0.22"
    },
    "img_src": "https://voila.ca/images-v3/2d92d19c-0354-49c0-8a91-5260ed0bf531/a42899aa-557d-4ec1-ad77-f4ebce655348/300x300.jpg",
    "link": "https://voila.ca/products/608578EA/details"
  },
  {
    "product_name": "Compliments Potatoes Washed New 2.27 kg",
    "store": "iga",
    "sold_by_weight": { "is": false, "price_per_lb": "", "price_per_kg": "" },
    "sold_individually": { "is": false, "price_per_item": "" },
    "sold_by_package": {
      "is": true,
      "price_per_package": "4.99",
      "units_per_package": "2.27kg",
      "price_per_100g": "0.22"
    },
    "img_src": "https://voila.ca/images-v3/2d92d19c-0354-49c0-8a91-5260ed0bf531/89478bcd-1766-48d8-8151-fc577db9a97b/300x300.jpg",
    "link": "https://voila.ca/products/608574EA/details"
  },
  {
    "product_name": "Mamzells Potatoes Nutty Taste 1.36 kg",
    "store": "iga",
    "sold_by_weight": { "is": false, "price_per_lb": "", "price_per_kg": "" },
    "sold_individually": { "is": false, "price_per_item": "" },
    "sold_by_package": {
      "is": true,
      "price_per_package": "4.99",
      "units_per_package": "1.36kg",
      "price_per_100g": "0.37"
    },
    "img_src": "https://voila.ca/images-v3/2d92d19c-0354-49c0-8a91-5260ed0bf531/76845cc6-5979-47d5-bcf0-b35edb532f95/300x300.jpg",
    "link": "https://voila.ca/products/663852EA/details"
  },
  {
    "product_name": "Mamzells Potatoes Buttery Taste 1.36 kg",
    "store": "iga",
    "sold_by_weight": { "is": false, "price_per_lb": "", "price_per_kg": "" },
    "sold_individually": { "is": false, "price_per_item": "" },
    "sold_by_package": {
      "is": true,
      "price_per_package": "4.99",
      "units_per_package": "1.36kg",
      "price_per_100g": "0.37"
    },
    "img_src": "https://voila.ca/images-v3/2d92d19c-0354-49c0-8a91-5260ed0bf531/11d8658b-f2c4-468b-80b9-bd82e2e5e907/300x300.jpg",
    "link": "https://voila.ca/products/663848EA/details"
  },
  {
    "product_name": "The Little Potato Company Potatoes Boomer Gold 680 g",
    "store": "iga",
    "sold_by_weight": { "is": false, "price_per_lb": "", "price_per_kg": "" },
    "sold_individually": { "is": false, "price_per_item": "" },
    "sold_by_package": {
      "is": true,
      "price_per_package": "4.99",
      "units_per_package": "680g",
      "price_per_100g": "0.73"
    },
    "img_src": "https://voila.ca/images-v3/2d92d19c-0354-49c0-8a91-5260ed0bf531/30e75836-7c4e-421e-a4b3-6abc3315dae4/300x300.jpg",
    "link": "https://voila.ca/products/696821EA/details"
  },

  {
    "product_name": "Mamzells Sofia Potatoes 2.27 kg",
    "store": "iga",
    "sold_by_weight": { "is": false, "price_per_lb": "", "price_per_kg": "" },
    "sold_individually": { "is": false, "price_per_item": "" },
    "sold_by_package": {
      "is": true,
      "price_per_package": "4.99",
      "units_per_package": "2.27kg",
      "price_per_100g": "0.22"
    },
    "img_src": "https://voila.ca/images-v3/2d92d19c-0354-49c0-8a91-5260ed0bf531/87937049-89ce-4e3d-9679-4033aa0f1569/300x300.jpg",
    "link": "https://voila.ca/products/663845EA/details"
  },
  {
    "product_name": "Mamzells Mashed Potatoes 2.27 kg",
    "store": "iga",
    "sold_by_weight": { "is": false, "price_per_lb": "", "price_per_kg": "" },
    "sold_individually": { "is": false, "price_per_item": "" },
    "sold_by_package": {
      "is": true,
      "price_per_package": "5.99",
      "units_per_package": "2.27kg",
      "price_per_100g": "0.26"
    },
    "img_src": "https://voila.ca/images-v3/2d92d19c-0354-49c0-8a91-5260ed0bf531/9da8e04d-4fb8-47f0-ba9b-53321b54a815/300x300.jpg",
    "link": "https://voila.ca/products/663855EA/details"
  },
  {
    "product_name": "Mamzells Oven Potatoes 2.27 kg",
    "store": "iga",
    "sold_by_weight": { "is": false, "price_per_lb": "", "price_per_kg": "" },
    "sold_individually": { "is": false, "price_per_item": "" },
    "sold_by_package": {
      "is": true,
      "price_per_package": "5.99",
      "units_per_package": "2.27kg",
      "price_per_100g": "0.26"
    },
    "img_src": "https://voila.ca/images-v3/2d92d19c-0354-49c0-8a91-5260ed0bf531/9b85fb3a-c94c-42c4-b3b4-047ef89184d7/300x300.jpg",
    "link": "https://voila.ca/products/663853EA/details"
  },
  {
    "product_name": "Mamzells French Fries Potatoes 2.27 kg",
    "store": "iga",
    "sold_by_weight": { "is": false, "price_per_lb": "", "price_per_kg": "" },
    "sold_individually": { "is": false, "price_per_item": "" },
    "sold_by_package": {
      "is": true,
      "price_per_package": "5.99",
      "units_per_package": "2.27kg",
      "price_per_100g": "0.26"
    },
    "img_src": "https://voila.ca/images-v3/2d92d19c-0354-49c0-8a91-5260ed0bf531/c19c9bb0-7a9d-42b6-a508-498690b83cc8/300x300.jpg",
    "link": "https://voila.ca/products/663857EA/details"
  },
  {
    "product_name": "Compliments Potatoes Red 4.54 kg",
    "store": "iga",
    "sold_by_weight": { "is": false, "price_per_lb": "", "price_per_kg": "" },
    "sold_individually": { "is": false, "price_per_item": "" },
    "sold_by_package": {
      "is": true,
      "price_per_package": "6.99",
      "units_per_package": "4.54kg",
      "price_per_100g": "0.15"
    },
    "img_src": "https://voila.ca/images-v3/2d92d19c-0354-49c0-8a91-5260ed0bf531/f0350d7b-9e9d-483b-b39f-6a5551d6be35/300x300.jpg",
    "link": "https://voila.ca/products/608575EA/details"
  },
  {
    "product_name": "Compliments Potatoes Yellow Fleshed 4.54 kg",
    "store": "iga",
    "sold_by_weight": { "is": false, "price_per_lb": "", "price_per_kg": "" },
    "sold_individually": { "is": false, "price_per_item": "" },
    "sold_by_package": {
      "is": true,
      "price_per_package": "6.99",
      "units_per_package": "4.54kg",
      "price_per_100g": "0.15"
    },
    "img_src": "https://voila.ca/images-v3/2d92d19c-0354-49c0-8a91-5260ed0bf531/fe5a4fd4-07ba-4523-8716-009fdb770d30/300x300.jpg",
    "link": "https://voila.ca/products/323169EA/details"
  },
  {
    "product_name": "Compliments Potatoes White 4.54 kg",
    "store": "iga",
    "sold_by_weight": { "is": false, "price_per_lb": "", "price_per_kg": "" },
    "sold_individually": { "is": false, "price_per_item": "" },
    "sold_by_package": {
      "is": true,
      "price_per_package": "6.99",
      "units_per_package": "4.54kg",
      "price_per_100g": "0.15"
    },
    "img_src": "https://voila.ca/images-v3/2d92d19c-0354-49c0-8a91-5260ed0bf531/d3477858-7373-4d41-a902-0a8fd3642917/300x300.jpg",
    "link": "https://voila.ca/products/608569EA/details"
  },
  {
    "product_name": "Top Radish Bunch Local 1 ea",
    "store": "iga",
    "sold_by_weight": { "is": false, "price_per_lb": "", "price_per_kg": "" },
    "sold_individually": { "is": true, "price_per_item": "2.79" },
    "sold_by_package": {
      "is": false,
      "price_per_package": "",
      "units_per_package": "",
      "price_per_100g": ""
    },
    "img_src": "https://voila.ca/images-v3/2d92d19c-0354-49c0-8a91-5260ed0bf531/64f091e3-86b3-4efd-b2c7-26135ab2f125/300x300.jpg",
    "link": "https://voila.ca/products/834422EA/details"
  },
  {
    "product_name": "Carrots Local 2 lb",
    "store": "iga",
    "sold_by_weight": { "is": false, "price_per_lb": "", "price_per_kg": "" },
    "sold_individually": { "is": false, "price_per_item": "" },
    "sold_by_package": {
      "is": true,
      "price_per_package": "2.99",
      "units_per_package": "907g",
      "price_per_100g": "0.33"
    },
    "img_src": "https://voila.ca/images-v3/2d92d19c-0354-49c0-8a91-5260ed0bf531/4ed00af0-4e7f-4000-bd2d-97c8f7ae2efa/300x300.jpg",
    "link": "https://voila.ca/products/113270EA/details"
  },
  {
    "product_name": "Nantes Carrots Local 454 g",
    "store": "iga",
    "sold_by_weight": { "is": false, "price_per_lb": "", "price_per_kg": "" },
    "sold_individually": { "is": false, "price_per_item": "" },
    "sold_by_package": {
      "is": true,
      "price_per_package": "3.49",
      "units_per_package": "454g",
      "price_per_100g": "0.77"
    },
    "img_src": "https://voila.ca/images-v3/2d92d19c-0354-49c0-8a91-5260ed0bf531/61141551-a1b2-4e1f-8569-ece5daa492dc/300x300.jpg",
    "link": "https://voila.ca/products/588862EA/details"
  },
  {
    "product_name": "Carrots Local 5 lb",
    "store": "iga",
    "sold_by_weight": { "is": false, "price_per_lb": "", "price_per_kg": "" },
    "sold_individually": { "is": false, "price_per_item": "" },
    "sold_by_package": {
      "is": true,
      "price_per_package": "5.99",
      "units_per_package": "2.27kg",
      "price_per_100g": "0.26"
    },
    "img_src": "https://voila.ca/images-v3/2d92d19c-0354-49c0-8a91-5260ed0bf531/5079598f-f267-4c84-8461-42955f67b5a9/300x300.jpg",
    "link": "https://voila.ca/products/113272EA/details"
  },
  {
    "product_name": "Parsnips 1 Bag 454 g",
    "store": "iga",
    "sold_by_weight": { "is": false, "price_per_lb": "", "price_per_kg": "" },
    "sold_individually": { "is": false, "price_per_item": "" },
    "sold_by_package": {
      "is": true,
      "price_per_package": "4.99",
      "units_per_package": "454g",
      "price_per_100g": "1.10"
    },
    "img_src": "https://voila.ca/images-v3/2d92d19c-0354-49c0-8a91-5260ed0bf531/1912eff0-dc51-44fd-9a14-b89a0e48a63c/300x300.jpg",
    "link": "https://voila.ca/products/72293EA/details"
  },
  {
    "product_name": "Radish Cello Local 454 g",
    "store": "iga",
    "sold_by_weight": { "is": false, "price_per_lb": "", "price_per_kg": "" },
    "sold_individually": { "is": false, "price_per_item": "" },
    "sold_by_package": {
      "is": true,
      "price_per_package": "2.49",
      "units_per_package": "454g",
      "price_per_100g": "0.55"
    },
    "img_src": "https://voila.ca/images-v3/2d92d19c-0354-49c0-8a91-5260ed0bf531/32f86a98-59c1-429b-8bb0-7bc3079fd6dc/300x300.jpg",
    "link": "https://voila.ca/products/8093EA/details"
  },
  {
    "product_name": "Organic Carrots 908 g",
    "store": "iga",
    "sold_by_weight": { "is": false, "price_per_lb": "", "price_per_kg": "" },
    "sold_individually": { "is": false, "price_per_item": "" },
    "sold_by_package": {
      "is": true,
      "price_per_package": "3.99",
      "units_per_package": "908g",
      "price_per_100g": "0.44"
    },
    "img_src": "https://voila.ca/images-v3/2d92d19c-0354-49c0-8a91-5260ed0bf531/3722db6d-8f22-4943-a342-3746815fc3af/300x300.jpg",
    "link": "https://voila.ca/products/112284EA/details"
  },
  {
    "product_name": "Rutabagas Local 1 ea",
    "store": "iga",
    "sold_by_weight": { "is": false, "price_per_lb": "", "price_per_kg": "" },
    "sold_individually": { "is": true, "price_per_item": "1.79" },
    "sold_by_package": {
      "is": false,
      "price_per_package": "",
      "units_per_package": "",
      "price_per_100g": ""
    },
    "img_src": "https://voila.ca/images-v3/2d92d19c-0354-49c0-8a91-5260ed0bf531/e78b6ca0-2e54-4426-a8f7-323e55156b42/300x300.jpg",
    "link": "https://voila.ca/products/868384EA/details"
  },
  {
    "product_name": "Beets Red Local 908 g",
    "store": "iga",
    "sold_by_weight": { "is": false, "price_per_lb": "", "price_per_kg": "" },
    "sold_individually": { "is": false, "price_per_item": "" },
    "sold_by_package": {
      "is": true,
      "price_per_package": "2.99",
      "units_per_package": "908g",
      "price_per_100g": ""
    },
    "img_src": "https://voila.ca/images-v3/2d92d19c-0354-49c0-8a91-5260ed0bf531/bddd2f61-efdf-4774-bb08-10a27d414a44/300x300.jpg",
    "link": "https://voila.ca/products/868060EA/details"
  },
  {
    "product_name": "Yam 2 EA",
    "store": "iga",
    "sold_by_weight": { "is": false, "price_per_lb": "", "price_per_kg": "" },
    "sold_individually": { "is": false, "price_per_item": "" },
    "sold_by_package": {
      "is": true,
      "price_per_package": "2.99",
      "units_per_package": "2",
      "price_per_100g": ""
    },
    "img_src": "https://voila.ca/images-v3/2d92d19c-0354-49c0-8a91-5260ed0bf531/913f7dae-2dc2-4802-b2ad-d3ce61c6d292/300x300.jpg",
    "link": "https://voila.ca/products/869145EA/details"
  },
  {
    "product_name": "Anise Fennel 1 EA",
    "store": "iga",
    "sold_by_weight": { "is": false, "price_per_lb": "", "price_per_kg": "" },
    "sold_individually": { "is": true, "price_per_item": "3.99" },
    "sold_by_package": {
      "is": false,
      "price_per_package": "",
      "units_per_package": "",
      "price_per_100g": ""
    },
    "img_src": "https://voila.ca/images-v3/2d92d19c-0354-49c0-8a91-5260ed0bf531/748aec13-4a08-4974-a1a8-144bab98beeb/300x300.jpg",
    "link": "https://voila.ca/products/869104EA/details"
  },
  {
    "product_name": "Cesares Organic Turmeric 85 g",
    "store": "iga",
    "sold_by_weight": { "is": false, "price_per_lb": "", "price_per_kg": "" },
    "sold_individually": { "is": false, "price_per_item": "" },
    "sold_by_package": {
      "is": true,
      "price_per_package": "3.99",
      "units_per_package": "85g",
      "price_per_100g": "4.69"
    },
    "img_src": "https://voila.ca/images-v3/2d92d19c-0354-49c0-8a91-5260ed0bf531/0bba18d1-c8b5-4ac7-85a7-13b620b4be5b/300x300.jpg",
    "link": "https://voila.ca/products/671391EA/details"
  },
  {
    "product_name": "Nantes Carrots Color Local 454 g",
    "store": "iga",
    "sold_by_weight": { "is": false, "price_per_lb": "", "price_per_kg": "" },
    "sold_individually": { "is": false, "price_per_item": "" },
    "sold_by_package": {
      "is": true,
      "price_per_package": "3.99",
      "units_per_package": "454g",
      "price_per_100g": "0.88"
    },
    "img_src": "https://voila.ca/images-v3/2d92d19c-0354-49c0-8a91-5260ed0bf531/9b938f36-3e8f-4afb-97f7-429386e518a6/300x300.jpg",
    "link": "https://voila.ca/products/265610EA/details"
  },
  {
    "product_name": "Fruitdome Red Organic Beetroot Cooked 500 g",
    "store": "iga",
    "sold_by_weight": { "is": false, "price_per_lb": "", "price_per_kg": "" },
    "sold_individually": { "is": false, "price_per_item": "" },
    "sold_by_package": {
      "is": true,
      "price_per_package": "4.49",
      "units_per_package": "500g",
      "price_per_100g": "0.90"
    },
    "img_src": "https://voila.ca/images-v3/2d92d19c-0354-49c0-8a91-5260ed0bf531/0cecab9c-98dc-46c3-8f7f-ebbfd349393f/300x300.jpg",
    "link": "https://voila.ca/products/492880EA/details"
  },
  {
    "product_name": "White Turnips 1 EA",
    "store": "iga",
    "sold_by_weight": { "is": false, "price_per_lb": "", "price_per_kg": "" },
    "sold_individually": { "is": true, "price_per_item": "5.99" },
    "sold_by_package": {
      "is": false,
      "price_per_package": "",
      "units_per_package": "",
      "price_per_100g": ""
    },
    "img_src": "https://voila.ca/images-v3/2d92d19c-0354-49c0-8a91-5260ed0bf531/530a4468-006a-495e-be06-13b72d392d7c/300x300.jpg",
    "link": "https://voila.ca/products/784735EA/details"
  },
  {
    "product_name": "Acorn Squash 1 EA",
    "store": "iga",
    "sold_by_weight": { "is": false, "price_per_lb": "", "price_per_kg": "" },
    "sold_individually": { "is": true, "price_per_item": "4.99" },
    "sold_by_package": {
      "is": false,
      "price_per_package": "",
      "units_per_package": "",
      "price_per_100g": ""
    },
    "img_src": "https://voila.ca/images-v3/2d92d19c-0354-49c0-8a91-5260ed0bf531/0936d858-983b-477c-bc69-99241798e810/300x300.jpg",
    "link": "https://voila.ca/products/868363EA/details"
  },
  {
    "product_name": "Organic Spaghetti Squash 1 Count",
    "store": "iga",
    "sold_by_weight": { "is": false, "price_per_lb": "", "price_per_kg": "" },
    "sold_individually": { "is": true, "price_per_item": "6.99" },
    "sold_by_package": {
      "is": false,
      "price_per_package": "",
      "units_per_package": "",
      "price_per_100g": ""
    },
    "img_src": "https://voila.ca/images-v3/2d92d19c-0354-49c0-8a91-5260ed0bf531/c1b62070-aae9-4444-8002-8d78c9fc59fd/300x300.jpg",
    "link": "https://voila.ca/products/868372EA/details"
  },
  {
    "product_name": "Spaghetti Squash 1 EA",
    "store": "iga",
    "sold_by_weight": { "is": false, "price_per_lb": "", "price_per_kg": "" },
    "sold_individually": { "is": true, "price_per_item": "8.99" },
    "sold_by_package": {
      "is": false,
      "price_per_package": "",
      "units_per_package": "",
      "price_per_100g": ""
    },
    "img_src": "https://voila.ca/images-v3/2d92d19c-0354-49c0-8a91-5260ed0bf531/ccc09c31-214c-4c39-bea5-f2580e0e2f88/300x300.jpg",
    "link": "https://voila.ca/products/868364EA/details"
  },
  {
    "product_name": "Butternut Squash 1 EA",
    "store": "iga",
    "sold_by_weight": { "is": false, "price_per_lb": "", "price_per_kg": "" },
    "sold_individually": { "is": true, "price_per_item": "8.99" },
    "sold_by_package": {
      "is": false,
      "price_per_package": "",
      "units_per_package": "",
      "price_per_100g": ""
    },
    "img_src": "https://voila.ca/images-v3/2d92d19c-0354-49c0-8a91-5260ed0bf531/9461083d-6724-49fa-88fe-2e1a227b99bd/300x300.jpg",
    "link": "https://voila.ca/products/868349EA/details"
  },
  {
    "product_name": "Organic Butternut Squash 1 Count",
    "store": "iga",
    "sold_by_weight": { "is": false, "price_per_lb": "", "price_per_kg": "" },
    "sold_individually": { "is": true, "price_per_item": "8.99" },
    "sold_by_package": {
      "is": false,
      "price_per_package": "",
      "units_per_package": "",
      "price_per_100g": ""
    },
    "img_src": "https://voila.ca/images-v3/2d92d19c-0354-49c0-8a91-5260ed0bf531/45a56551-8557-42cf-bacf-e80693a7ce1e/300x300.jpg",
    "link": "https://voila.ca/products/868356EA/details"
  },
  {
    "product_name": "Sunset One Tomatoes Sweet Cherry 1 EA",
    "store": "iga",
    "sold_by_weight": { "is": false, "price_per_lb": "", "price_per_kg": "" },
    "sold_individually": { "is": false, "price_per_item": "" },
    "sold_by_package": {
      "is": true,
      "price_per_package": "3.99",
      "units_per_package": "1 pint",
      "price_per_100g": ""
    },
    "img_src": "https://voila.ca/images-v3/2d92d19c-0354-49c0-8a91-5260ed0bf531/4514980f-8ed0-4209-b689-fe941f772fb4/300x300.jpg",
    "link": "https://voila.ca/products/205698EA/details"
  },
  {
    "product_name": "Angel Sweet Tomatoes Miraculously Sweet 551 ml",
    "store": "iga",
    "sold_by_weight": { "is": false, "price_per_lb": "", "price_per_kg": "" },
    "sold_individually": { "is": false, "price_per_item": "" },
    "sold_by_package": {
      "is": true,
      "price_per_package": "3.99",
      "units_per_package": "255g",
      "price_per_100g": "1.56"
    },
    "img_src": "https://voila.ca/images-v3/2d92d19c-0354-49c0-8a91-5260ed0bf531/39ace832-d16b-4606-95a3-76096c339a3d/300x300.jpg",
    "link": "https://voila.ca/products/466425EA/details"
  },
  {
    "product_name": "Hothouse Tomatoes 4 Pack",
    "store": "iga",
    "sold_by_weight": { "is": false, "price_per_lb": "", "price_per_kg": "" },
    "sold_individually": { "is": false, "price_per_item": "" },
    "sold_by_package": {
      "is": true,
      "price_per_package": "3.49",
      "units_per_package": "4",
      "price_per_100g": ""
    },
    "img_src": "https://voila.ca/images-v3/2d92d19c-0354-49c0-8a91-5260ed0bf531/2482ab19-ad34-4d1f-ad1d-48b1ad8ad95e/300x300.jpg",
    "link": "https://voila.ca/products/85449EA/details"
  },
  {
    "product_name": "Sunset Zimas Orange Grape Tomatoes 1 Pint",
    "store": "iga",
    "sold_by_weight": { "is": false, "price_per_lb": "", "price_per_kg": "" },
    "sold_individually": { "is": false, "price_per_item": "" },
    "sold_by_package": {
      "is": true,
      "price_per_package": "3.99",
      "units_per_package": "1 pint",
      "price_per_100g": ""
    },
    "img_src": "https://voila.ca/images-v3/2d92d19c-0354-49c0-8a91-5260ed0bf531/566bb564-1b1b-4ba9-b62d-1a25f147891b/300x300.jpg",
    "link": "https://voila.ca/products/304300EA/details"
  },
  {
    "product_name": "Wild Wonders Organic Tomatoes 284 g",
    "store": "iga",
    "sold_by_weight": { "is": false, "price_per_lb": "", "price_per_kg": "" },
    "sold_individually": { "is": false, "price_per_item": "" },
    "sold_by_package": {
      "is": true,
      "price_per_package": "3.99",
      "units_per_package": "284g",
      "price_per_100g": "1.40"
    },
    "img_src": "https://voila.ca/images-v3/2d92d19c-0354-49c0-8a91-5260ed0bf531/a2c34714-f137-49c0-b229-2627cbafc6bc/300x300.jpg",
    "link": "https://voila.ca/products/526147EA/details"
  },
  {
    "product_name": "Sunset Organic Grape Tomatoes 681 g",
    "store": "iga",
    "sold_by_weight": { "is": false, "price_per_lb": "", "price_per_kg": "" },
    "sold_individually": { "is": false, "price_per_item": "" },
    "sold_by_package": {
      "is": true,
      "price_per_package": "6.99",
      "units_per_package": "680g",
      "price_per_100g": "1.03"
    },
    "img_src": "https://voila.ca/images-v3/2d92d19c-0354-49c0-8a91-5260ed0bf531/3001432c-f64d-4cae-9957-b4a5259a3bef/300x300.jpg",
    "link": "https://voila.ca/products/793547EA/details"
  },
  {
    "product_name": "Angel Tomato Sweet & Zima 680 g",
    "store": "iga",
    "sold_by_weight": { "is": false, "price_per_lb": "", "price_per_kg": "" },
    "sold_individually": { "is": false, "price_per_item": "" },
    "sold_by_package": {
      "is": true,
      "price_per_package": "7.99",
      "units_per_package": "680g",
      "price_per_100g": "1.18"
    },
    "img_src": "https://voila.ca/images-v3/2d92d19c-0354-49c0-8a91-5260ed0bf531/e62e6c67-2a8a-4747-8805-f36a9417f894/300x300.jpg",
    "link": "https://voila.ca/products/658291EA/details"
  },
  {
    "product_name": "Grape Tomatoes 1 Pint",
    "store": "iga",
    "sold_by_weight": { "is": false, "price_per_lb": "", "price_per_kg": "" },
    "sold_individually": { "is": false, "price_per_item": "" },
    "sold_by_package": {
      "is": true,
      "price_per_package": "3.99",
      "units_per_package": "1 pint",
      "price_per_100g": ""
    },
    "img_src": "https://voila.ca/images-v3/2d92d19c-0354-49c0-8a91-5260ed0bf531/1074b76b-8993-413d-9d8a-3c31d972c7d5/300x300.jpg",
    "link": "https://voila.ca/products/2173EA/details"
  },
  {
    "product_name": "Sunset Kumato Tomatoes 454 g",
    "store": "iga",
    "sold_by_weight": { "is": false, "price_per_lb": "", "price_per_kg": "" },
    "sold_individually": { "is": false, "price_per_item": "" },
    "sold_by_package": {
      "is": true,
      "price_per_package": "6.49",
      "units_per_package": "454g",
      "price_per_100g": "1.43"
    },
    "img_src": "https://voila.ca/images-v3/2d92d19c-0354-49c0-8a91-5260ed0bf531/59f15760-78b9-47cb-aa5c-9ccda4dcc767/300x300.jpg",
    "link": "https://voila.ca/products/214560EA/details"
  },
  {
    "product_name": "Sunset Organic Grape Tomatoes 340 g",
    "store": "iga",
    "sold_by_weight": { "is": false, "price_per_lb": "", "price_per_kg": "" },
    "sold_individually": { "is": false, "price_per_item": "" },
    "sold_by_package": {
      "is": true,
      "price_per_package": "3.99",
      "units_per_package": "340g",
      "price_per_100g": ""
    },
    "img_src": "https://voila.ca/images-v3/2d92d19c-0354-49c0-8a91-5260ed0bf531/9770d70e-add7-4883-a15d-e82e229a6112/300x300.jpg",
    "link": "https://voila.ca/products/14786EA/details"
  },
  {
    "product_name": "Tomatoes on the Vine 567 g",
    "store": "iga",
    "sold_by_weight": { "is": false, "price_per_lb": "", "price_per_kg": "" },
    "sold_individually": { "is": false, "price_per_item": "" },
    "sold_by_package": {
      "is": true,
      "price_per_package": "2.99",
      "units_per_package": "567g",
      "price_per_100g": "0.53"
    },
    "img_src": "https://voila.ca/images-v3/2d92d19c-0354-49c0-8a91-5260ed0bf531/d74051a2-4fd2-4986-886b-ba739e185995/300x300.jpg",
    "link": "https://voila.ca/products/972649EA/details"
  },
  {
    "product_name": "Savoura Red Cherry Tomatoes 150 g",
    "store": "iga",
    "sold_by_weight": { "is": false, "price_per_lb": "", "price_per_kg": "" },
    "sold_individually": { "is": false, "price_per_item": "" },
    "sold_by_package": {
      "is": true,
      "price_per_package": "2.99",
      "units_per_package": "150g",
      "price_per_100g": "1.99"
    },
    "img_src": "https://voila.ca/images-v3/2d92d19c-0354-49c0-8a91-5260ed0bf531/23c08d35-b650-47db-98a9-d52ce6344ba1/300x300.jpg",
    "link": "https://voila.ca/products/501555EA/details"
  },
  {
    "product_name": "Tomatoes Roma Local 4 EA",
    "store": "iga",
    "sold_by_weight": { "is": false, "price_per_lb": "", "price_per_kg": "" },
    "sold_individually": { "is": false, "price_per_item": "" },
    "sold_by_package": {
      "is": true,
      "price_per_package": "3.49",
      "units_per_package": "4",
      "price_per_100g": ""
    },
    "img_src": "https://voila.ca/images-v3/2d92d19c-0354-49c0-8a91-5260ed0bf531/1ef7cc1b-8812-44a7-ab3d-e6bf4e2b7513/300x300.jpg",
    "link": "https://voila.ca/products/868335EA/details"
  },
  {
    "product_name": "La Diva Royale Greenhouse Grape Tomatoes 551 ml",
    "store": "iga",
    "sold_by_weight": { "is": false, "price_per_lb": "", "price_per_kg": "" },
    "sold_individually": { "is": false, "price_per_item": "" },
    "sold_by_package": {
      "is": true,
      "price_per_package": "3.49",
      "units_per_package": "551ml",
      "price_per_100g": ""
    },
    "img_src": "https://voila.ca/images-v3/2d92d19c-0354-49c0-8a91-5260ed0bf531/6f7d443f-4239-498c-b179-eac614b7a71b/300x300.jpg",
    "link": "https://voila.ca/products/818180EA/details"
  },
  {
    "product_name": "Nature Fresh Organic Beefsteak Tomato 2 EA",
    "store": "iga",
    "sold_by_weight": { "is": false, "price_per_lb": "", "price_per_kg": "" },
    "sold_individually": { "is": false, "price_per_item": "" },
    "sold_by_package": {
      "is": true,
      "price_per_package": "3.99",
      "units_per_package": "2",
      "price_per_100g": ""
    },
    "img_src": "https://voila.ca/images-v3/2d92d19c-0354-49c0-8a91-5260ed0bf531/c6ef09e1-43e0-4669-b011-b46d3f4f91e9/300x300.jpg",
    "link": "https://voila.ca/products/653298EA/details"
  },
  {
    "product_name": "Sunset Wild Wonder Tomatoes 340 g",
    "store": "iga",
    "sold_by_weight": { "is": false, "price_per_lb": "", "price_per_kg": "" },
    "sold_individually": { "is": false, "price_per_item": "" },
    "sold_by_package": {
      "is": true,
      "price_per_package": "3.99",
      "units_per_package": "340g",
      "price_per_100g": "1.17"
    },
    "img_src": "https://voila.ca/images-v3/2d92d19c-0354-49c0-8a91-5260ed0bf531/0118bf9f-2a87-473c-a177-8a98b431bce7/300x300.jpg",
    "link": "https://voila.ca/products/216542EA/details"
  },
  {
    "product_name": "Derlea Organic Julienne Sundried Tomato 85 g",
    "store": "iga",
    "sold_by_weight": { "is": false, "price_per_lb": "", "price_per_kg": "" },
    "sold_individually": { "is": false, "price_per_item": "" },
    "sold_by_package": {
      "is": true,
      "price_per_package": "4.69",
      "units_per_package": "85g",
      "price_per_100g": "5.52"
    },
    "img_src": "https://voila.ca/images-v3/2d92d19c-0354-49c0-8a91-5260ed0bf531/63428050-4743-4e84-9df0-172750d92bc6/300x300.jpg",
    "link": "https://voila.ca/products/465132EA/details"
  },
  {
    "product_name": "Savoura Tomatoes 4 Pack",
    "store": "iga",
    "sold_by_weight": { "is": false, "price_per_lb": "", "price_per_kg": "" },
    "sold_individually": { "is": false, "price_per_item": "" },
    "sold_by_package": {
      "is": true,
      "price_per_package": "4.99",
      "units_per_package": "4",
      "price_per_100g": ""
    },
    "img_src": "https://voila.ca/images-v3/2d92d19c-0354-49c0-8a91-5260ed0bf531/88e5f21a-7b87-45b5-8f4f-3e1e1eed7536/300x300.jpg",
    "link": "https://voila.ca/products/355488EA/details"
  },
  {
    "product_name": "Demers Tomato Cherry Trio 200 g",
    "store": "iga",
    "sold_by_weight": { "is": false, "price_per_lb": "", "price_per_kg": "" },
    "sold_individually": { "is": false, "price_per_item": "" },
    "sold_by_package": {
      "is": true,
      "price_per_package": "4.99",
      "units_per_package": "200g",
      "price_per_100g": "2.50"
    },
    "img_src": "https://voila.ca/images-v3/2d92d19c-0354-49c0-8a91-5260ed0bf531/5098fdf9-c1b3-44b7-8ac7-48b13d4215ac/300x300.jpg",
    "link": "https://voila.ca/products/505934EA/details"
  },
  {
    "product_name": "Demers Gustatives Tomato Cherry 200 g",
    "store": "iga",
    "sold_by_weight": { "is": false, "price_per_lb": "", "price_per_kg": "" },
    "sold_individually": { "is": false, "price_per_item": "" },
    "sold_by_package": {
      "is": true,
      "price_per_package": "4.99",
      "units_per_package": "200g",
      "price_per_100g": "2.50"
    },
    "img_src": "https://voila.ca/images-v3/2d92d19c-0354-49c0-8a91-5260ed0bf531/3098c5f8-b4d6-40cc-a71a-eeae125615b2/300x300.jpg",
    "link": "https://voila.ca/products/505933EA/details"
  },
  {
    "product_name": "Savoura Cocktail Tomatoes 454 g",
    "store": "iga",
    "sold_by_weight": { "is": false, "price_per_lb": "", "price_per_kg": "" },
    "sold_individually": { "is": false, "price_per_item": "" },
    "sold_by_package": {
      "is": true,
      "price_per_package": "5.49",
      "units_per_package": "454g",
      "price_per_100g": "1.21"
    },
    "img_src": "https://voila.ca/images-v3/2d92d19c-0354-49c0-8a91-5260ed0bf531/c48d0f78-ed62-447b-95bb-869173f06c0a/300x300.jpg",
    "link": "https://voila.ca/products/608512EA/details"
  },
  {
    "product_name": "Biologico Apero Organic Tomatoes 250 g",
    "store": "iga",
    "sold_by_weight": { "is": false, "price_per_lb": "", "price_per_kg": "" },
    "sold_individually": { "is": false, "price_per_item": "" },
    "sold_by_package": {
      "is": true,
      "price_per_package": "5.99",
      "units_per_package": "250g",
      "price_per_100g": "2.40"
    },
    "img_src": "https://voila.ca/images-v3/2d92d19c-0354-49c0-8a91-5260ed0bf531/1d73bd15-8d9c-4eaf-ba71-295ec734a7db/300x300.jpg",
    "link": "https://voila.ca/products/301725EA/details"
  },
  {
    "product_name": "Pink Tomatoes 4 EA",
    "store": "iga",
    "sold_by_weight": { "is": false, "price_per_lb": "", "price_per_kg": "" },
    "sold_individually": { "is": false, "price_per_item": "" },
    "sold_by_package": {
      "is": true,
      "price_per_package": "5.99",
      "units_per_package": "4",
      "price_per_100g": ""
    },
    "img_src": "https://voila.ca/images-v3/2d92d19c-0354-49c0-8a91-5260ed0bf531/b85c9ec9-25be-47fa-b5cd-c952c5225224/300x300.jpg",
    "link": "https://voila.ca/products/248736EA/details"
  },
  {
    "product_name": "Nature Fresh Farms Cherry Tomatoes Red 340 g",
    "store": "iga",
    "sold_by_weight": { "is": false, "price_per_lb": "", "price_per_kg": "" },
    "sold_individually": { "is": false, "price_per_item": "" },
    "sold_by_package": {
      "is": true,
      "price_per_package": "8.99",
      "units_per_package": "340g",
      "price_per_100g": "2.64"
    },
    "img_src": "https://voila.ca/images-v3/2d92d19c-0354-49c0-8a91-5260ed0bf531/9d2578ea-a8ea-4435-aecf-9ba58450a6a2/300x300.jpg",
    "link": "https://voila.ca/products/440360EA/details"
  },
  {
    "product_name": "Nature Fresh Farms Tomatoes Orange Cherry 340 g",
    "store": "iga",
    "sold_by_weight": { "is": false, "price_per_lb": "", "price_per_kg": "" },
    "sold_individually": { "is": false, "price_per_item": "" },
    "sold_by_package": {
      "is": true,
      "price_per_package": "8.99",
      "units_per_package": "340g",
      "price_per_100g": "2.64"
    },
    "img_src": "https://voila.ca/images-v3/2d92d19c-0354-49c0-8a91-5260ed0bf531/6aa9fe1f-520f-487d-b6c9-e17a93377b9e/300x300.jpg",
    "link": "https://voila.ca/products/440349EA/details"
  },
  {
    "product_name": "Savoura Tomatrio Tomatoes 680 g",
    "store": "iga",
    "sold_by_weight": { "is": false, "price_per_lb": "", "price_per_kg": "" },
    "sold_individually": { "is": false, "price_per_item": "" },
    "sold_by_package": {
      "is": true,
      "price_per_package": "12.99",
      "units_per_package": "680g",
      "price_per_100g": "1.91"
    },
    "img_src": "https://voila.ca/images-v3/2d92d19c-0354-49c0-8a91-5260ed0bf531/e0167952-dd7d-4087-b228-b0f2d57eb48a/300x300.jpg",
    "link": "https://voila.ca/products/840715EA/details"
  },
  {
    "product_name": "Zucchini Squash Yellow 2 EA",
    "store": "iga",
    "sold_by_weight": { "is": false, "price_per_lb": "", "price_per_kg": "" },
    "sold_individually": { "is": false, "price_per_item": "" },
    "sold_by_package": {
      "is": true,
      "price_per_package": "3.49",
      "units_per_package": "2",
      "price_per_100g": ""
    },
    "img_src": "https://voila.ca/images-v3/2d92d19c-0354-49c0-8a91-5260ed0bf531/e8c94c45-b35b-40ff-8283-c8be002a2ae3/300x300.jpg",
    "link": "https://voila.ca/products/868404EA/details"
  },
  {
    "product_name": "Zucchini Squash 3 EA",
    "store": "iga",
    "sold_by_weight": { "is": false, "price_per_lb": "", "price_per_kg": "" },
    "sold_individually": { "is": false, "price_per_item": "" },
    "sold_by_package": {
      "is": true,
      "price_per_package": "3.49",
      "units_per_package": "3",
      "price_per_100g": ""
    },
    "img_src": "https://voila.ca/images-v3/2d92d19c-0354-49c0-8a91-5260ed0bf531/a91e516a-73a9-466f-92c0-ee873146707a/300x300.jpg",
    "link": "https://voila.ca/products/868413EA/details"
  },
  {
    "product_name": "Organic Zucchini Squash Local 2 EA",
    "store": "iga",
    "sold_by_weight": { "is": false, "price_per_lb": "", "price_per_kg": "" },
    "sold_individually": { "is": false, "price_per_item": "" },
    "sold_by_package": {
      "is": true,
      "price_per_package": "5.99",
      "units_per_package": "2",
      "price_per_100g": ""
    },
    "img_src": "https://voila.ca/images-v3/2d92d19c-0354-49c0-8a91-5260ed0bf531/de82104b-d37f-4c4b-bdaa-2b98bc6466b6/300x300.jpg",
    "link": "https://voila.ca/products/967523EA/details"
  }
]
