[
  {
    "product_name": "Sweet Cherry Tomato",
    "store": "metro",
    "sold_by_weight": { "is": false, "price_per_lb": "", "price_per_kg": "" },
    "sold_individually": { "is": false, "price_per_item": "" },
    "sold_by_package": {
      "is": true,
      "price_per_package": "3.99",
      "units_per_package": "283g",
      "price_per_100g": "1.41"
    },
    "img_src": "https://product-images.metro.ca/images/h1a/hba/9363135103006.jpg",
    "link": "https://www.metro.ca/en/online-grocery/aisles/fruits-vegetables/vegetables/tomatoes-cucumber/sweet-cherry-tomato/p/069905820168"
  },
  {
    "product_name": "Sliced Mushroom Blend, Shiitake, Cremini, Button Mus...",
    "store": "metro",
    "sold_by_weight": { "is": false, "price_per_lb": "", "price_per_kg": "" },
    "sold_individually": { "is": false, "price_per_item": "" },
    "sold_by_package": {
      "is": true,
      "price_per_package": "5.99",
      "units_per_package": "227g",
      "price_per_100g": "2.64"
    },
    "img_src": "https://product-images.metro.ca/images/h2c/h9a/8894355963934.jpg",
    "link": "https://www.metro.ca/en/online-grocery/aisles/fruits-vegetables/packaged-salads-vegetables/sliced-mushroom-blend/p/771163000953"
  },
  {
    "product_name": "Baby-Cut Carrots",
    "store": "metro",
    "sold_by_weight": { "is": false, "price_per_lb": "", "price_per_kg": "" },
    "sold_individually": { "is": false, "price_per_item": "" },
    "sold_by_package": {
      "is": true,
      "price_per_package": "4.99",
      "units_per_package": "907g",
      "price_per_100g": "0.55"
    },
    "img_src": "https://product-images.metro.ca/images/h51/h24/8894032805918.jpg",
    "link": "https://www.metro.ca/en/online-grocery/aisles/fruits-vegetables/vegetables/potatoes-carrots-celery/baby-cut-carrots/p/059749877817"
  },
  {
    "product_name": "Mini Organic Carrots",
    "store": "metro",
    "sold_by_weight": { "is": false, "price_per_lb": "", "price_per_kg": "" },
    "sold_individually": { "is": false, "price_per_item": "" },
    "sold_by_package": {
      "is": true,
      "price_per_package": "2.99",
      "units_per_package": "454g",
      "price_per_100g": "0.66"
    },
    "img_src": "https://product-images.metro.ca/images/h71/h69/8898184183838.jpg",
    "link": "https://www.metro.ca/en/online-grocery/aisles/fruits-vegetables/vegetables/potatoes-carrots-celery/mini-organic-carrots/p/033383902050"
  },
  {
    "product_name": "Washed Red Potatoes",
    "store": "metro",
    "sold_by_weight": { "is": false, "price_per_lb": "", "price_per_kg": "" },
    "sold_individually": { "is": false, "price_per_item": "" },
    "sold_by_package": {
      "is": true,
      "price_per_package": "6.99",
      "units_per_package": "10lb",
      "price_per_100g": "0.15"
    },
    "img_src": "https://product-images.metro.ca/images/h95/hb0/8894241538078.jpg",
    "link": "https://www.metro.ca/en/online-grocery/aisles/fruits-vegetables/vegetables/potatoes-carrots-celery/washed-red-potatoes/p/059749818681"
  },
  {
    "product_name": "Bag of Organic Garlic",
    "store": "metro",
    "sold_by_weight": { "is": false, "price_per_lb": "", "price_per_kg": "" },
    "sold_individually": { "is": false, "price_per_item": "" },
    "sold_by_package": {
      "is": true,
      "price_per_package": "2.99",
      "units_per_package": "",
      "price_per_100g": "3.52"
    },
    "img_src": "https://product-images.metro.ca/images/h92/h9c/8893499047966.jpg",
    "link": "https://www.metro.ca/en/online-grocery/aisles/fruits-vegetables/vegetables/ginger-garlic-shallots/bag-of-organic-garlic/p/032601031954"
  },
  {
    "product_name": "Idaho Potatoes",
    "store": "metro",
    "sold_by_weight": { "is": false, "price_per_lb": "", "price_per_kg": "" },
    "sold_individually": { "is": false, "price_per_item": "" },
    "sold_by_package": {
      "is": true,
      "price_per_package": "5.99",
      "units_per_package": "5lb",
      "price_per_100g": "0.26"
    },
    "img_src": "https://product-images.metro.ca/images/hd0/hf2/8898225012766.jpg",
    "link": "https://www.metro.ca/en/online-grocery/aisles/fruits-vegetables/vegetables/potatoes-carrots-celery/idaho-potatoes/p/605806002243"
  },
  {
    "product_name": "Red Onions",
    "store": "metro",
    "sold_by_weight": { "is": false, "price_per_lb": "", "price_per_kg": "" },
    "sold_individually": { "is": false, "price_per_item": "" },
    "sold_by_package": {
      "is": true,
      "price_per_package": "5.99",
      "units_per_package": "1kg",
      "price_per_100g": "0.60"
    },
    "img_src": "https://product-images.metro.ca/images/hca/h6c/8890414727198.jpg",
    "link": "https://www.metro.ca/en/online-grocery/aisles/fruits-vegetables/vegetables/onions-leeks/red-onions/p/777690000220"
  },
  {
    "product_name": "Bag of Beetroots",
    "store": "metro",
    "sold_by_weight": { "is": false, "price_per_lb": "", "price_per_kg": "" },
    "sold_individually": { "is": false, "price_per_item": "" },
    "sold_by_package": {
      "is": true,
      "price_per_package": "2.69",
      "units_per_package": "2lb",
      "price_per_100g": "0.30"
    },
    "img_src": "https://product-images.metro.ca/images/he1/h6a/8898277769246.jpg",
    "link": "https://www.metro.ca/en/online-grocery/aisles/fruits-vegetables/vegetables/root-vegetables/bag-of-beetroots/p/033383498140"
  },
  {
    "product_name": "Organic Ginger",
    "store": "metro",
    "sold_by_weight": { "is": false, "price_per_lb": "", "price_per_kg": "" },
    "sold_individually": { "is": false, "price_per_item": "" },
    "sold_by_package": {
      "is": true,
      "price_per_package": "2.49",
      "units_per_package": "85g",
      "price_per_100g": "2.93"
    },
    "img_src": "https://product-images.metro.ca/images/hb8/hac/9145725255710.jpg",
    "link": "https://www.metro.ca/en/online-grocery/aisles/organic-groceries/fruits-vegetables/organic-vegetables/organic-ginger/p/074574110083"
  },
  {
    "product_name": "Medley of Greenhouse Tomatoes",
    "store": "metro",
    "sold_by_weight": { "is": false, "price_per_lb": "", "price_per_kg": "" },
    "sold_individually": { "is": false, "price_per_item": "" },
    "sold_by_package": {
      "is": true,
      "price_per_package": "6.99",
      "units_per_package": "1.5lb",
      "price_per_100g": "1.03"
    },
    "img_src": "https://product-images.metro.ca/images/h03/h4f/9363137036318.jpg",
    "link": "https://www.metro.ca/en/online-grocery/aisles/fruits-vegetables/vegetables/tomatoes-cucumber/medley-of-greenhouse-tomatoes/p/069905880148"
  },
  {
    "product_name": "Orange Grape Tomatoes",
    "store": "metro",
    "sold_by_weight": { "is": false, "price_per_lb": "", "price_per_kg": "" },
    "sold_individually": { "is": false, "price_per_item": "" },
    "sold_by_package": {
      "is": true,
      "price_per_package": "6.99",
      "units_per_package": "1.5lb",
      "price_per_100g": "1.03"
    },
    "img_src": "https://product-images.metro.ca/images/h92/h61/8922078937118.jpg",
    "link": "https://www.metro.ca/en/online-grocery/aisles/fruits-vegetables/vegetables/tomatoes-cucumber/orange-grape-tomatoes/p/057836021389"
  },
  {
    "product_name": "Portobello Mushroom Caps",
    "store": "metro",
    "sold_by_weight": { "is": false, "price_per_lb": "", "price_per_kg": "" },
    "sold_individually": { "is": false, "price_per_item": "" },
    "sold_by_package": {
      "is": true,
      "price_per_package": "5.99",
      "units_per_package": "170g",
      "price_per_100g": "3.52"
    },
    "img_src": "https://product-images.metro.ca/images/h26/h24/8873568895006.jpg",
    "link": "https://www.metro.ca/en/online-grocery/aisles/fruits-vegetables/vegetables/mushrooms/portobello-mushroom-caps/p/033383676029"
  },
  {
    "product_name": "Cherry Tomatoes",
    "store": "metro",
    "sold_by_weight": { "is": false, "price_per_lb": "", "price_per_kg": "" },
    "sold_individually": { "is": false, "price_per_item": "" },
    "sold_by_package": {
      "is": true,
      "price_per_package": "6.99",
      "units_per_package": "1.5lb",
      "price_per_100g": "1.03"
    },
    "img_src": "https://product-images.metro.ca/images/hb2/hb1/9363136053278.jpg",
    "link": "https://www.metro.ca/en/online-grocery/aisles/fruits-vegetables/vegetables/tomatoes-cucumber/cherry-tomatoes/p/069905820144"
  },
  {
    "product_name": "Bag of Bean Sprouts",
    "store": "metro",
    "sold_by_weight": { "is": false, "price_per_lb": "", "price_per_kg": "" },
    "sold_individually": { "is": false, "price_per_item": "" },
    "sold_by_package": {
      "is": true,
      "price_per_package": "2.99",
      "units_per_package": "454g",
      "price_per_100g": "0.66"
    },
    "img_src": "https://product-images.metro.ca/images/h20/h19/9335893852190.jpg",
    "link": "https://www.metro.ca/en/online-grocery/aisles/fruits-vegetables/packaged-salads-vegetables/bag-of-bean-sprouts/p/033383449807"
  },
  {
    "product_name": "Big Button Mushrooms",
    "store": "metro",
    "sold_by_weight": { "is": false, "price_per_lb": "", "price_per_kg": "" },
    "sold_individually": { "is": false, "price_per_item": "" },
    "sold_by_package": {
      "is": true,
      "price_per_package": "5.99",
      "units_per_package": "397g",
      "price_per_100g": "1.51"
    },
    "img_src": "https://product-images.metro.ca/images/h21/h01/8894054826014.jpg",
    "link": "https://www.metro.ca/en/online-grocery/aisles/fruits-vegetables/vegetables/mushrooms/big-button-mushrooms/p/059749868716"
  },
  {
    "product_name": "Organic Shallots",
    "store": "metro",
    "sold_by_weight": { "is": false, "price_per_lb": "", "price_per_kg": "" },
    "sold_individually": { "is": false, "price_per_item": "" },
    "sold_by_package": {
      "is": true,
      "price_per_package": "2.99",
      "units_per_package": "85g",
      "price_per_100g": "3.52"
    },
    "img_src": "https://product-images.metro.ca/images/h35/hed/9145637142558.jpg",
    "link": "https://www.metro.ca/en/online-grocery/aisles/organic-groceries/fruits-vegetables/organic-vegetables/organic-shallots/p/074574856936"
  },
  {
    "product_name": "White Onions",
    "store": "metro",
    "sold_by_weight": { "is": false, "price_per_lb": "", "price_per_kg": "" },
    "sold_individually": { "is": false, "price_per_item": "" },
    "sold_by_package": {
      "is": true,
      "price_per_package": "5.99",
      "units_per_package": "1kg",
      "price_per_100g": "0.60"
    },
    "img_src": "https://product-images.metro.ca/images/hc0/ha7/8898299985950.jpg",
    "link": "https://www.metro.ca/en/online-grocery/aisles/fruits-vegetables/vegetables/onions-leeks/white-onions/p/777690000237"
  },
  {
    "product_name": "Orange Grape Tomatoes, Value Pack",
    "store": "metro",
    "sold_by_weight": { "is": false, "price_per_lb": "", "price_per_kg": "" },
    "sold_individually": { "is": false, "price_per_item": "" },
    "sold_by_package": {
      "is": true,
      "price_per_package": "6.99",
      "units_per_package": "681g",
      "price_per_100g": "1.03"
    },
    "img_src": "https://product-images.metro.ca/images/he3/h2f/10822867845150.jpg",
    "link": "https://www.metro.ca/en/online-grocery/aisles/fruits-vegetables/vegetables/tomatoes-cucumber/orange-grape-tomatoes-value-pack/p/069905880285"
  },
  {
    "product_name": "Washed Yellow Fleshed Potatoes",
    "store": "metro",
    "sold_by_weight": { "is": false, "price_per_lb": "", "price_per_kg": "" },
    "sold_individually": { "is": false, "price_per_item": "" },
    "sold_by_package": {
      "is": true,
      "price_per_package": "5.99",
      "units_per_package": "5lb",
      "price_per_100g": "0.26"
    },
    "img_src": "https://product-images.metro.ca/images/hb6/h80/9145809993758.jpg",
    "link": "https://www.metro.ca/en/online-grocery/aisles/fruits-vegetables/vegetables/potatoes-carrots-celery/washed-yellow-fleshed-potatoes/p/033383453767"
  },
  {
    "product_name": "Leeks",
    "store": "metro",
    "sold_by_weight": { "is": false, "price_per_lb": "", "price_per_kg": "" },
    "sold_individually": { "is": false, "price_per_item": "" },
    "sold_by_package": {
      "is": true,
      "price_per_package": "5.99",
      "units_per_package": "3 units per bunch",
      "price_per_100g": ""
    },
    "img_src": "https://product-images.metro.ca/images/h6b/ha5/8893925064734.jpg",
    "link": "https://www.metro.ca/en/online-grocery/aisles/fruits-vegetables/vegetables/onions-leeks/leeks/p/033383702070"
  },
  {
    "product_name": "Braided Garlic",
    "store": "metro",
    "sold_by_weight": { "is": false, "price_per_lb": "", "price_per_kg": "" },
    "sold_individually": { "is": false, "price_per_item": "" },
    "sold_by_package": {
      "is": true,
      "price_per_package": "4.99",
      "units_per_package": "500g",
      "price_per_100g": "1.00"
    },
    "img_src": "https://product-images.metro.ca/images/hc8/hac/8890910703646.jpg",
    "link": "https://www.metro.ca/en/online-grocery/aisles/fruits-vegetables/vegetables/ginger-garlic-shallots/braided-garlic/p/819377000021"
  },
  {
    "product_name": "Minced Ginger",
    "store": "metro",
    "sold_by_weight": { "is": false, "price_per_lb": "", "price_per_kg": "" },
    "sold_individually": { "is": false, "price_per_item": "" },
    "sold_by_package": {
      "is": true,
      "price_per_package": "5.99",
      "units_per_package": "230g",
      "price_per_100g": "2.60"
    },
    "img_src": "https://product-images.metro.ca/images/hb0/ha6/9640209514526.jpg",
    "link": "https://www.metro.ca/en/online-grocery/aisles/fruits-vegetables/vegetables/ginger-garlic-shallots/minced-ginger/p/069391000372"
  },
  {
    "product_name": "Mixed Pearl Onions",
    "store": "metro",
    "sold_by_weight": { "is": false, "price_per_lb": "", "price_per_kg": "" },
    "sold_individually": { "is": false, "price_per_item": "" },
    "sold_by_package": {
      "is": true,
      "price_per_package": "3.49",
      "units_per_package": "175g",
      "price_per_100g": "1.99"
    },
    "img_src": "https://product-images.metro.ca/images/h66/hd1/8938665246750.jpg",
    "link": "https://www.metro.ca/en/online-grocery/aisles/fruits-vegetables/vegetables/onions-leeks/mixed-pearl-onions/p/055117001037"
  },
  {
    "product_name": "Ginger Seasoning",
    "store": "metro",
    "sold_by_weight": { "is": false, "price_per_lb": "", "price_per_kg": "" },
    "sold_individually": { "is": false, "price_per_item": "" },
    "sold_by_package": {
      "is": true,
      "price_per_package": "4.99",
      "units_per_package": "115g",
      "price_per_100g": "4.34"
    },
    "img_src": "https://product-images.metro.ca/images/h95/hf0/9830081429534.jpg",
    "link": "https://www.metro.ca/en/online-grocery/aisles/fruits-vegetables/vegetables/root-vegetables/ginger-seasoning/p/629228001066"
  },
  {
    "product_name": "Red Cherry Tomatoes",
    "store": "metro",
    "sold_by_weight": { "is": false, "price_per_lb": "", "price_per_kg": "" },
    "sold_individually": { "is": false, "price_per_item": "" },
    "sold_by_package": {
      "is": true,
      "price_per_package": "4.99",
      "units_per_package": "200g",
      "price_per_100g": "2.50"
    },
    "img_src": "https://product-images.metro.ca/images/h08/ha0/10225266688030.jpg",
    "link": "https://www.metro.ca/en/online-grocery/aisles/fruits-vegetables/vegetables/tomatoes-cucumber/red-cherry-tomatoes/p/696713201850"
  },
  {
    "product_name": "Dried Cep Mushrooms",
    "store": "metro",
    "sold_by_weight": { "is": false, "price_per_lb": "", "price_per_kg": "" },
    "sold_individually": { "is": false, "price_per_item": "" },
    "sold_by_package": {
      "is": true,
      "price_per_package": "5.99",
      "units_per_package": "14g",
      "price_per_100g": "42.79"
    },
    "img_src": "https://product-images.metro.ca/images/hd1/he7/8889156927518.jpg",
    "link": "https://www.metro.ca/en/online-grocery/aisles/fruits-vegetables/vegetables/mushrooms/dried-cep-mushrooms/p/675680000444"
  },
  {
    "product_name": "Washed Yellow Fleshed Potatoes",
    "store": "metro",
    "sold_by_weight": { "is": false, "price_per_lb": "", "price_per_kg": "" },
    "sold_individually": { "is": false, "price_per_item": "" },
    "sold_by_package": {
      "is": true,
      "price_per_package": "6.99",
      "units_per_package": "10lb",
      "price_per_100g": "0.15"
    },
    "img_src": "https://product-images.metro.ca/images/hc1/h8b/8893870276638.jpg",
    "link": "https://www.metro.ca/en/online-grocery/aisles/fruits-vegetables/vegetables/potatoes-carrots-celery/washed-yellow-fleshed-potatoes/p/059749868303"
  },
  {
    "product_name": "Dried Mushroom forester's Mix",
    "store": "metro",
    "sold_by_weight": { "is": false, "price_per_lb": "", "price_per_kg": "" },
    "sold_individually": { "is": false, "price_per_item": "" },
    "sold_by_package": {
      "is": true,
      "price_per_package": "5.99",
      "units_per_package": "14g",
      "price_per_100g": "42.79"
    },
    "img_src": "https://product-images.metro.ca/images/h59/h52/8889158828062.jpg",
    "link": "https://www.metro.ca/en/online-grocery/aisles/fruits-vegetables/vegetables/mushrooms/dried-mushroom-forester-s-mix/p/675680000468"
  },
  {
    "product_name": "Freeze-Dried Red Onions",
    "store": "metro",
    "sold_by_weight": { "is": false, "price_per_lb": "", "price_per_kg": "" },
    "sold_individually": { "is": false, "price_per_item": "" },
    "sold_by_package": {
      "is": true,
      "price_per_package": "5.99",
      "units_per_package": "17.5g",
      "price_per_100g": "34.23"
    },
    "img_src": "https://product-images.metro.ca/images/hef/h50/9530276184094.jpg",
    "link": "https://www.metro.ca/en/online-grocery/aisles/pantry/canned-jarred/vegetables/freeze-dried-red-onions/p/077661110478"
  },
  {
    "product_name": "Organic Bean Sprouts",
    "store": "metro",
    "sold_by_weight": { "is": false, "price_per_lb": "", "price_per_kg": "" },
    "sold_individually": { "is": false, "price_per_item": "" },
    "sold_by_package": {
      "is": true,
      "price_per_package": "2.99",
      "units_per_package": "370g",
      "price_per_100g": "0.81"
    },
    "img_src": "https://product-images.metro.ca/images/ha1/h4e/9130123526174.jpg",
    "link": "https://www.metro.ca/en/online-grocery/aisles/fruits-vegetables/vegetables/peas-beans-corn/organic-bean-sprouts/p/772312000176"
  },
  {
    "product_name": "Dried Oyster Mushroom Mix",
    "store": "metro",
    "sold_by_weight": { "is": false, "price_per_lb": "", "price_per_kg": "" },
    "sold_individually": { "is": false, "price_per_item": "" },
    "sold_by_package": {
      "is": true,
      "price_per_package": "4.99",
      "units_per_package": "14g",
      "price_per_100g": "35.64"
    },
    "img_src": "https://product-images.metro.ca/images/h10/h07/8889430343710.jpg",
    "link": "https://www.metro.ca/en/online-grocery/aisles/fruits-vegetables/vegetables/mushrooms/dried-oyster-mushroom-mix/p/675680000420"
  },
  {
    "product_name": "Dried Chanterelle Mushrooms",
    "store": "metro",
    "sold_by_weight": { "is": false, "price_per_lb": "", "price_per_kg": "" },
    "sold_individually": { "is": false, "price_per_item": "" },
    "sold_by_package": {
      "is": true,
      "price_per_package": "5.99",
      "units_per_package": "14g",
      "price_per_100g": "42.79"
    },
    "img_src": "https://product-images.metro.ca/images/h67/h58/8893938171934.jpg",
    "link": "https://www.metro.ca/en/online-grocery/aisles/fruits-vegetables/vegetables/mushrooms/dried-chanterelle-mushrooms/p/675680000451"
  },
  {
    "product_name": "Yellow Flesh Potatoes",
    "store": "metro",
    "sold_by_weight": { "is": false, "price_per_lb": "", "price_per_kg": "" },
    "sold_individually": { "is": false, "price_per_item": "" },
    "sold_by_package": {
      "is": true,
      "price_per_package": "5.99",
      "units_per_package": "5lb",
      "price_per_100g": "0.26"
    },
    "img_src": "https://product-images.metro.ca/images/h58/h4c/9354684432414.jpg",
    "link": "https://www.metro.ca/en/online-grocery/aisles/fruits-vegetables/vegetables/potatoes-carrots-celery/yellow-flesh-potatoes/p/033383453460"
  },
  {
    "product_name": "Dried Mushroom Mix for Stews",
    "store": "metro",
    "sold_by_weight": { "is": false, "price_per_lb": "", "price_per_kg": "" },
    "sold_individually": { "is": false, "price_per_item": "" },
    "sold_by_package": {
      "is": true,
      "price_per_package": "5.99",
      "units_per_package": "14g",
      "price_per_100g": "42.79"
    },
    "img_src": "https://product-images.metro.ca/images/h51/hfb/8907100815390.jpg",
    "link": "https://www.metro.ca/en/online-grocery/aisles/fruits-vegetables/vegetables/mushrooms/dried-mushroom-mix-for-stews/p/675680000475"
  },
  {
    "product_name": "Dried Bolete Mushrooms",
    "store": "metro",
    "sold_by_weight": { "is": false, "price_per_lb": "", "price_per_kg": "" },
    "sold_individually": { "is": false, "price_per_item": "" },
    "sold_by_package": {
      "is": true,
      "price_per_package": "5.99",
      "units_per_package": "14g",
      "price_per_100g": "42.79"
    },
    "img_src": "https://product-images.metro.ca/images/h39/h4a/8906973872158.jpg",
    "link": "https://www.metro.ca/en/online-grocery/aisles/fruits-vegetables/vegetables/mushrooms/dried-bolete-mushrooms/p/675680000499"
  },
  {
    "product_name": "Green Beans",
    "store": "metro",
    "sold_by_weight": { "is": false, "price_per_lb": "", "price_per_kg": "" },
    "sold_individually": { "is": false, "price_per_item": "" },
    "sold_by_package": {
      "is": true,
      "price_per_package": "4.99",
      "units_per_package": "340g",
      "price_per_100g": "1.47"
    },
    "img_src": "https://product-images.metro.ca/images/hfd/he0/9335904895006.jpg",
    "link": "https://www.metro.ca/en/online-grocery/aisles/fruits-vegetables/vegetables/peas-beans-corn/green-beans/p/018337012139"
  },
  {
    "product_name": "Peeled Garlic",
    "store": "metro",
    "sold_by_weight": { "is": false, "price_per_lb": "", "price_per_kg": "" },
    "sold_individually": { "is": false, "price_per_item": "" },
    "sold_by_package": {
      "is": true,
      "price_per_package": "4.49",
      "units_per_package": "125g",
      "price_per_100g": "3.59"
    },
    "img_src": "https://product-images.metro.ca/images/hc6/h82/8898271215646.jpg",
    "link": "https://www.metro.ca/en/online-grocery/aisles/fruits-vegetables/vegetables/ginger-garlic-shallots/peeled-garlic/p/819377009833"
  },
  {
    "product_name": "Shallots",
    "store": "metro",
    "sold_by_weight": { "is": false, "price_per_lb": "", "price_per_kg": "" },
    "sold_individually": { "is": false, "price_per_item": "" },
    "sold_by_package": {
      "is": true,
      "price_per_package": "2.99",
      "units_per_package": "350g",
      "price_per_100g": "0.85"
    },
    "img_src": "https://product-images.metro.ca/images/h2b/h13/8893560946718.jpg",
    "link": "https://www.metro.ca/en/online-grocery/aisles/fruits-vegetables/vegetables/onions-leeks/shallots/p/890719001012"
  },
  {
    "product_name": "Garlic",
    "store": "metro",
    "sold_by_weight": { "is": false, "price_per_lb": "", "price_per_kg": "" },
    "sold_individually": { "is": false, "price_per_item": "" },
    "sold_by_package": {
      "is": true,
      "price_per_package": "0.60",
      "units_per_package": "5 units per package",
      "price_per_100g": ""
    },
    "img_src": "https://product-images.metro.ca/images/h80/h8b/8873790930974.jpg",
    "link": "https://www.metro.ca/en/online-grocery/aisles/fruits-vegetables/vegetables/ginger-garlic-shallots/garlic/p/4611"
  },
  {
    "product_name": "Organic Sweet Bell Peppers, Organics",
    "store": "metro",
    "sold_by_weight": { "is": false, "price_per_lb": "", "price_per_kg": "" },
    "sold_individually": { "is": false, "price_per_item": "" },
    "sold_by_package": {
      "is": true,
      "price_per_package": "3.00",
      "units_per_package": "2 un",
      "price_per_100g": ""
    },
    "img_src": "https://product-images.metro.ca/images/h71/h55/9647035252766.jpg",
    "link": "https://www.metro.ca/en/online-grocery/aisles/organic-groceries/fruits-vegetables/organic-vegetables/organic-sweet-bell-peppers/p/685750090404"
  },
  {
    "product_name": "Spinach Pack",
    "store": "metro",
    "sold_by_weight": { "is": false, "price_per_lb": "", "price_per_kg": "" },
    "sold_individually": { "is": false, "price_per_item": "" },
    "sold_by_package": {
      "is": true,
      "price_per_package": "2.49",
      "units_per_package": "1 bunch",
      "price_per_100g": ""
    },
    "img_src": "https://product-images.metro.ca/images/h15/h68/9335890313246.jpg",
    "link": "https://www.metro.ca/en/online-grocery/aisles/fruits-vegetables/vegetables/lettuce-leafy-vegetables/spinach-pack/p/4090"
  },
  {
    "product_name": "Organic Romaine Lettuce Hearts",
    "store": "metro",
    "sold_by_weight": { "is": false, "price_per_lb": "", "price_per_kg": "" },
    "sold_individually": { "is": false, "price_per_item": "" },
    "sold_by_package": {
      "is": true,
      "price_per_package": "5.99",
      "units_per_package": "3 units per package",
      "price_per_100g": ""
    },
    "img_src": "https://product-images.metro.ca/images/h44/h03/8930152775710.jpg",
    "link": "https://www.metro.ca/en/online-grocery/aisles/fruits-vegetables/vegetables/lettuce-leafy-vegetables/organic-romaine-lettuce-hearts/p/032601031152"
  },
  {
    "product_name": "Organic Yellow Bell Pepper",
    "store": "metro",
    "sold_by_weight": { "is": true, "price_per_lb": "5.99", "price_per_kg": "13.21" },
    "sold_individually": { "is": false, "price_per_item": "" },
    "sold_by_package": {
      "is": false,
      "price_per_package": "",
      "units_per_package": "",
      "price_per_100g": ""
    },
    "img_src": "https://product-images.metro.ca/images/h76/h15/8890810630174.jpg",
    "link": "https://www.metro.ca/en/online-grocery/aisles/fruits-vegetables/vegetables/peppers-zucchini-eggplant/organic-yellow-bell-pepper/p/94689"
  },
  {
    "product_name": "Bean Sprout",
    "store": "metro",
    "sold_by_weight": { "is": true, "price_per_lb": "2.99", "price_per_kg": "6.59" },
    "sold_individually": { "is": false, "price_per_item": "" },
    "sold_by_package": {
      "is": false,
      "price_per_package": "",
      "units_per_package": "",
      "price_per_100g": ""
    },
    "img_src": "https://product-images.metro.ca/images/ha9/h26/8832754909214.jpg",
    "link": "https://www.metro.ca/en/online-grocery/aisles/fruits-vegetables/vegetables/peas-beans-corn/bean-sprout/p/4536"
  },
  {
    "product_name": "Bag of Brussel Sprouts",
    "store": "metro",
    "sold_by_weight": { "is": false, "price_per_lb": "", "price_per_kg": "" },
    "sold_individually": { "is": false, "price_per_item": "" },
    "sold_by_package": {
      "is": true,
      "price_per_package": "5.99",
      "units_per_package": "454g",
      "price_per_100g": "1.32"
    },
    "img_src": "https://product-images.metro.ca/images/h9b/h0f/8898303262750.jpg",
    "link": "https://www.metro.ca/en/online-grocery/aisles/fruits-vegetables/vegetables/broccoli-cauliflower-cabbage/bag-of-brussel-sprouts/p/685750002964"
  },
  {
    "product_name": "Organic Mini Sweet Peppers",
    "store": "metro",
    "sold_by_weight": { "is": false, "price_per_lb": "", "price_per_kg": "" },
    "sold_individually": { "is": false, "price_per_item": "" },
    "sold_by_package": {
      "is": true,
      "price_per_package": "4.99",
      "units_per_package": "227g",
      "price_per_100g": "2.20"
    },
    "img_src": "https://product-images.metro.ca/images/h0a/h12/9022446731294.jpg",
    "link": "https://www.metro.ca/en/online-grocery/aisles/organic-groceries/fruits-vegetables/organic-vegetables/organic-mini-sweet-peppers/p/057836900158"
  },
  {
    "product_name": "Yellow Pearl Onions",
    "store": "metro",
    "sold_by_weight": { "is": false, "price_per_lb": "", "price_per_kg": "" },
    "sold_individually": { "is": false, "price_per_item": "" },
    "sold_by_package": {
      "is": true,
      "price_per_package": "3.49",
      "units_per_package": "175g",
      "price_per_100g": "1.99"
    },
    "img_src": "https://product-images.metro.ca/images/h07/ha0/8889419726878.jpg",
    "link": "https://www.metro.ca/en/online-grocery/aisles/fruits-vegetables/vegetables/onions-leeks/yellow-pearl-onions/p/055117003024"
  },
  {
    "product_name": "Jalape√±o Peppers",
    "store": "metro",
    "sold_by_weight": { "is": false, "price_per_lb": "", "price_per_kg": "" },
    "sold_individually": { "is": false, "price_per_item": "" },
    "sold_by_package": {
      "is": true,
      "price_per_package": "3.99",
      "units_per_package": "70g",
      "price_per_100g": "5.70"
    },
    "img_src": "https://product-images.metro.ca/images/he7/he6/8889285705758.jpg",
    "link": "https://www.metro.ca/en/online-grocery/aisles/fruits-vegetables/vegetables/peppers-zucchini-eggplant/jalapeno-peppers/p/685750000144"
  },
  {
    "product_name": "Serrano Peppers",
    "store": "metro",
    "sold_by_weight": { "is": false, "price_per_lb": "", "price_per_kg": "" },
    "sold_individually": { "is": false, "price_per_item": "" },
    "sold_by_package": {
      "is": true,
      "price_per_package": "3.99",
      "units_per_package": "60g",
      "price_per_100g": "6.65"
    },
    "img_src": "https://product-images.metro.ca/images/h93/h17/8889383223326.jpg",
    "link": "https://www.metro.ca/en/online-grocery/aisles/fruits-vegetables/vegetables/peppers-zucchini-eggplant/serrano-peppers/p/685750000182"
  },
  {
    "product_name": "Traditional Mashed Potatoes",
    "store": "metro",
    "sold_by_weight": { "is": false, "price_per_lb": "", "price_per_kg": "" },
    "sold_individually": { "is": false, "price_per_item": "" },
    "sold_by_package": {
      "is": true,
      "price_per_package": "7.99",
      "units_per_package": "680g",
      "price_per_100g": "1.18"
    },
    "img_src": "https://product-images.metro.ca/images/hab/h52/9751030202398.jpg",
    "link": "https://www.metro.ca/en/online-grocery/aisles/fruits-vegetables/vegetables/potatoes-carrots-celery/traditional-mashed-potatoes/p/020169224512"
  },
  {
    "product_name": "Sliced Portabella Mushrooms",
    "store": "metro",
    "sold_by_weight": { "is": false, "price_per_lb": "", "price_per_kg": "" },
    "sold_individually": { "is": false, "price_per_item": "" },
    "sold_by_package": {
      "is": true,
      "price_per_package": "5.99",
      "units_per_package": "170g",
      "price_per_100g": "3.52"
    },
    "img_src": "https://product-images.metro.ca/images/ha9/h61/8858944569374.jpg",
    "link": "https://www.metro.ca/en/online-grocery/aisles/fruits-vegetables/vegetables/mushrooms/sliced-portabella-mushrooms/p/059749868761"
  },
  {
    "product_name": "Natural Parisian Potatoes",
    "store": "metro",
    "sold_by_weight": { "is": false, "price_per_lb": "", "price_per_kg": "" },
    "sold_individually": { "is": false, "price_per_item": "" },
    "sold_by_package": {
      "is": true,
      "price_per_package": "4.99",
      "units_per_package": "500g",
      "price_per_100g": "1.00"
    },
    "img_src": "https://product-images.metro.ca/images/hc8/h32/8831571918878.jpg",
    "link": "https://www.metro.ca/en/online-grocery/aisles/fruits-vegetables/vegetables/potatoes-carrots-celery/natural-parisian-potatoes/p/067499180309"
  },
  {
    "product_name": "Mixed Radishes",
    "store": "metro",
    "sold_by_weight": { "is": false, "price_per_lb": "", "price_per_kg": "" },
    "sold_individually": { "is": false, "price_per_item": "" },
    "sold_by_package": {
      "is": true,
      "price_per_package": "1.99",
      "units_per_package": "340g",
      "price_per_100g": "0.59"
    },
    "img_src": "https://product-images.metro.ca/images/hda/h6a/8898248212510.jpg",
    "link": "https://www.metro.ca/en/online-grocery/aisles/fruits-vegetables/vegetables/root-vegetables/mixed-radishes/p/627557000040"
  },
  {
    "product_name": "Hot Prepared Horseradish",
    "store": "metro",
    "sold_by_weight": { "is": false, "price_per_lb": "", "price_per_kg": "" },
    "sold_individually": { "is": false, "price_per_item": "" },
    "sold_by_package": {
      "is": true,
      "price_per_package": "2.99",
      "units_per_package": "250mL",
      "price_per_100g": "1.20"
    },
    "img_src": "https://product-images.metro.ca/images/h56/hd3/8831550619678.jpg",
    "link": "https://www.metro.ca/en/online-grocery/aisles/fruits-vegetables/vegetables/root-vegetables/hot-prepared-horseradish/p/067773080011"
  },
  {
    "product_name": "Sofia Potatoes",
    "store": "metro",
    "sold_by_weight": { "is": false, "price_per_lb": "", "price_per_kg": "" },
    "sold_individually": { "is": false, "price_per_item": "" },
    "sold_by_package": {
      "is": true,
      "price_per_package": "4.99",
      "units_per_package": "5lb",
      "price_per_100g": "0.22"
    },
    "img_src": "https://product-images.metro.ca/images/hd6/h19/9533207609374.jpg",
    "link": "https://www.metro.ca/en/online-grocery/aisles/fruits-vegetables/vegetables/potatoes-carrots-celery/sofia-potatoes/p/778695000154"
  },
  {
    "product_name": "Pickled Ginger",
    "store": "metro",
    "sold_by_weight": { "is": false, "price_per_lb": "", "price_per_kg": "" },
    "sold_individually": { "is": false, "price_per_item": "" },
    "sold_by_package": {
      "is": true,
      "price_per_package": "6.99",
      "units_per_package": "430g",
      "price_per_100g": "1.63"
    },
    "img_src": "https://product-images.metro.ca/images/hf4/h1e/9438018502686.jpg",
    "link": "https://www.metro.ca/en/online-grocery/aisles/fruits-vegetables/vegetables/ginger-garlic-shallots/pickled-ginger/p/816553001094"
  },
  {
    "product_name": "Red Pearl Onions",
    "store": "metro",
    "sold_by_weight": { "is": false, "price_per_lb": "", "price_per_kg": "" },
    "sold_individually": { "is": false, "price_per_item": "" },
    "sold_by_package": {
      "is": true,
      "price_per_package": "3.49",
      "units_per_package": "175g",
      "price_per_100g": "1.99"
    },
    "img_src": "https://product-images.metro.ca/images/hea/h89/8889358385182.jpg",
    "link": "https://www.metro.ca/en/online-grocery/aisles/fruits-vegetables/vegetables/onions-leeks/red-pearl-onions/p/055117003017"
  },
  {
    "product_name": "Organic Red Onions",
    "store": "metro",
    "sold_by_weight": { "is": false, "price_per_lb": "", "price_per_kg": "" },
    "sold_individually": { "is": false, "price_per_item": "" },
    "sold_by_package": {
      "is": true,
      "price_per_package": "5.99",
      "units_per_package": "2lb",
      "price_per_100g": "0.66"
    },
    "img_src": "https://product-images.metro.ca/images/ha7/h20/10258410307614.jpg",
    "link": "https://www.metro.ca/en/online-grocery/aisles/organic-groceries/fruits-vegetables/organic-vegetables/organic-red-onions/p/777586100225"
  },
  {
    "product_name": "Coloured Nantes carrots",
    "store": "metro",
    "sold_by_weight": { "is": false, "price_per_lb": "", "price_per_kg": "" },
    "sold_individually": { "is": false, "price_per_item": "" },
    "sold_by_package": {
      "is": true,
      "price_per_package": "3.99",
      "units_per_package": "454g",
      "price_per_100g": "0.88"
    },
    "img_src": "https://product-images.metro.ca/images/h55/h65/10123723210782.jpg",
    "link": "https://www.metro.ca/en/online-grocery/aisles/fruits-vegetables/vegetables/potatoes-carrots-celery/coloured-nantes-carrots/p/828899145431"
  },
  {
    "product_name": "Habanero Peppers",
    "store": "metro",
    "sold_by_weight": { "is": false, "price_per_lb": "", "price_per_kg": "" },
    "sold_individually": { "is": false, "price_per_item": "" },
    "sold_by_package": {
      "is": true,
      "price_per_package": "3.99",
      "units_per_package": "40g",
      "price_per_100g": "9.98"
    },
    "img_src": "https://product-images.metro.ca/images/h3b/h23/8889268404254.jpg",
    "link": "https://www.metro.ca/en/online-grocery/aisles/fruits-vegetables/vegetables/peppers-zucchini-eggplant/habanero-peppers/p/685750000151"
  },
  {
    "product_name": "Shiitake Mushrooms",
    "store": "metro",
    "sold_by_weight": { "is": false, "price_per_lb": "", "price_per_kg": "" },
    "sold_individually": { "is": false, "price_per_item": "" },
    "sold_by_package": {
      "is": true,
      "price_per_package": "4.99",
      "units_per_package": "14g",
      "price_per_100g": "35.64"
    },
    "img_src": "https://product-images.metro.ca/images/h7b/h31/8893497114654.jpg",
    "link": "https://www.metro.ca/en/online-grocery/aisles/fruits-vegetables/vegetables/mushrooms/shiitake-mushrooms/p/675680000413"
  },
  {
    "product_name": "Parsnips",
    "store": "metro",
    "sold_by_weight": { "is": false, "price_per_lb": "", "price_per_kg": "" },
    "sold_individually": { "is": false, "price_per_item": "" },
    "sold_by_package": {
      "is": true,
      "price_per_package": "5.99",
      "units_per_package": "1lb",
      "price_per_100g": "1.32"
    },
    "img_src": "https://product-images.metro.ca/images/h55/ha8/8893684809758.jpg",
    "link": "https://www.metro.ca/en/online-grocery/aisles/fruits-vegetables/vegetables/root-vegetables/parsnips/p/059749918428"
  },
  {
    "product_name": "Orange Grape Tomatoes",
    "store": "metro",
    "sold_by_weight": { "is": false, "price_per_lb": "", "price_per_kg": "" },
    "sold_individually": { "is": false, "price_per_item": "" },
    "sold_by_package": {
      "is": true,
      "price_per_package": "3.99",
      "units_per_package": "283g",
      "price_per_100g": "1.41"
    },
    "img_src": "https://product-images.metro.ca/images/hfe/hdf/9363137822750.jpg",
    "link": "https://www.metro.ca/en/online-grocery/aisles/fruits-vegetables/vegetables/tomatoes-cucumber/orange-grape-tomatoes/p/826920001251"
  },
  {
    "product_name": "Organic Field Radish",
    "store": "metro",
    "sold_by_weight": { "is": false, "price_per_lb": "", "price_per_kg": "" },
    "sold_individually": { "is": false, "price_per_item": "" },
    "sold_by_package": {
      "is": true,
      "price_per_package": "1.99",
      "units_per_package": "1 bunch",
      "price_per_100g": ""
    },
    "img_src": "https://www.metro.ca/images/shared/large/default--400x400.jpg?v=4.63.0+r1796",
    "link": "https://www.metro.ca/en/online-grocery/aisles/fruits-vegetables/organic-fruits-vegetables/organic-field-radish/p/94089"
  },
  {
    "product_name": "Endive",
    "store": "metro",
    "sold_by_weight": { "is": true, "price_per_lb": "6.99", "price_per_kg": "15.41" },
    "sold_individually": { "is": false, "price_per_item": "" },
    "sold_by_package": {
      "is": false,
      "price_per_package": "",
      "units_per_package": "",
      "price_per_100g": ""
    },
    "img_src": "https://product-images.metro.ca/images/h0b/h17/8874224123934.jpg",
    "link": "https://www.metro.ca/en/online-grocery/aisles/fruits-vegetables/vegetables/lettuce-leafy-vegetables/endive/p/4543"
  },
  {
    "product_name": "Buttercup Squash",
    "store": "metro",
    "sold_by_weight": { "is": true, "price_per_lb": "2.49", "price_per_kg": "5.49" },
    "sold_individually": { "is": false, "price_per_item": "" },
    "sold_by_package": {
      "is": false,
      "price_per_package": "",
      "units_per_package": "",
      "price_per_100g": ""
    },
    "img_src": "https://product-images.metro.ca/images/h86/he5/8867952263198.jpg",
    "link": "https://www.metro.ca/en/online-grocery/aisles/fruits-vegetables/vegetables/squash-pumpkin/buttercup-squash/p/4758"
  },
  {
    "product_name": "Bicolor Corn",
    "store": "metro",
    "sold_by_weight": { "is": false, "price_per_lb": "", "price_per_kg": "" },
    "sold_individually": { "is": true, "price_per_item": "0.30" },
    "sold_by_package": {
      "is": false,
      "price_per_package": "",
      "units_per_package": "",
      "price_per_100g": ""
    },
    "img_src": "https://product-images.metro.ca/images/hdd/h82/8871433699358.jpg",
    "link": "https://www.metro.ca/en/online-grocery/aisles/fruits-vegetables/vegetables/peas-beans-corn/bicolor-corn/p/4590"
  },
  {
    "product_name": "Green Leaf Lettuce",
    "store": "metro",
    "sold_by_weight": { "is": false, "price_per_lb": "", "price_per_kg": "" },
    "sold_individually": { "is": false, "price_per_item": "" },
    "sold_by_package": {
      "is": true,
      "price_per_package": "4.99",
      "units_per_package": "140g",
      "price_per_100g": "3.56"
    },
    "img_src": "https://product-images.metro.ca/images/hf3/h88/9967719874590.jpg",
    "link": "https://www.metro.ca/en/online-grocery/aisles/fruits-vegetables/vegetables/lettuce-leafy-vegetables/green-leaf-lettuce/p/627987028102"
  },
  {
    "product_name": "Baby Curly Kale Leaf",
    "store": "metro",
    "sold_by_weight": { "is": false, "price_per_lb": "", "price_per_kg": "" },
    "sold_individually": { "is": false, "price_per_item": "" },
    "sold_by_package": {
      "is": true,
      "price_per_package": "4.99",
      "units_per_package": "112g",
      "price_per_100g": "4.46"
    },
    "img_src": "https://product-images.metro.ca/images/h20/h55/9967719612446.jpg",
    "link": "https://www.metro.ca/en/online-grocery/aisles/fruits-vegetables/vegetables/lettuce-leafy-vegetables/baby-curly-kale-leaf/p/627987028133"
  },
  {
    "product_name": "Organic Green Beans",
    "store": "metro",
    "sold_by_weight": { "is": false, "price_per_lb": "", "price_per_kg": "" },
    "sold_individually": { "is": false, "price_per_item": "" },
    "sold_by_package": {
      "is": true,
      "price_per_package": "3.99",
      "units_per_package": "350g",
      "price_per_100g": "1.14"
    },
    "img_src": "https://product-images.metro.ca/images/h17/h38/10227504709662.jpg",
    "link": "https://www.metro.ca/en/online-grocery/aisles/fruits-vegetables/vegetables/peas-beans-corn/organic-green-beans/p/673750149512"
  },
  {
    "product_name": "Greenhouse Grape Tomatoes",
    "store": "metro",
    "sold_by_weight": { "is": false, "price_per_lb": "", "price_per_kg": "" },
    "sold_individually": { "is": false, "price_per_item": "" },
    "sold_by_package": {
      "is": true,
      "price_per_package": "3.69",
      "units_per_package": "283g",
      "price_per_100g": "1.30"
    },
    "img_src": "https://product-images.metro.ca/images/h8c/h26/10437664768030.jpg",
    "link": "https://www.metro.ca/en/online-grocery/aisles/value-pack/fresh-market/fruits-vegetables/greenhouse-grape-tomatoes/p/628938000017"
  },
  {
    "product_name": "Onion and Chive Flavoured Fresh Creamer Potatoes",
    "store": "metro",
    "sold_by_weight": { "is": false, "price_per_lb": "", "price_per_kg": "" },
    "sold_individually": { "is": false, "price_per_item": "" },
    "sold_by_package": {
      "is": true,
      "price_per_package": "4.99",
      "units_per_package": "454g",
      "price_per_100g": "1.10"
    },
    "img_src": "https://product-images.metro.ca/images/h12/h25/9658184663070.jpg",
    "link": "https://www.metro.ca/en/online-grocery/aisles/fruits-vegetables/vegetables/potatoes-carrots-celery/onion-and-chive-flavoured-fresh-creamer-potatoes/p/629307016318"
  },
  {
    "product_name": "Roasted Red Pepper and Onion Flavoured Fresh Creamer...",
    "store": "metro",
    "sold_by_weight": { "is": false, "price_per_lb": "", "price_per_kg": "" },
    "sold_individually": { "is": false, "price_per_item": "" },
    "sold_by_package": {
      "is": true,
      "price_per_package": "4.99",
      "units_per_package": "454g",
      "price_per_100g": "1.10"
    },
    "img_src": "https://product-images.metro.ca/images/ha2/hf0/9658185580574.jpg",
    "link": "https://www.metro.ca/en/online-grocery/aisles/fruits-vegetables/vegetables/potatoes-carrots-celery/roasted-red-pepper-and-onion-flavoured-fresh-creamer-potatoes/p/629307016417"
  },
  {
    "product_name": "Lemon and Herb Flavoured Fresh Creamer Potatoes, Mic...",
    "store": "metro",
    "sold_by_weight": { "is": false, "price_per_lb": "", "price_per_kg": "" },
    "sold_individually": { "is": false, "price_per_item": "" },
    "sold_by_package": {
      "is": true,
      "price_per_package": "4.99",
      "units_per_package": "454g",
      "price_per_100g": "1.10"
    },
    "img_src": "https://product-images.metro.ca/images/ha3/hc9/9658254196766.jpg",
    "link": "https://www.metro.ca/en/online-grocery/aisles/fruits-vegetables/vegetables/potatoes-carrots-celery/lemon-and-herb-flavoured-fresh-creamer-potatoes/p/629307017414"
  },
  {
    "product_name": "Purple Creamer Potatoes",
    "store": "metro",
    "sold_by_weight": { "is": false, "price_per_lb": "", "price_per_kg": "" },
    "sold_individually": { "is": false, "price_per_item": "" },
    "sold_by_package": {
      "is": true,
      "price_per_package": "4.99",
      "units_per_package": "680g",
      "price_per_100g": "0.73"
    },
    "img_src": "https://product-images.metro.ca/images/h28/h36/10249113272350.jpg",
    "link": "https://www.metro.ca/en/online-grocery/aisles/fruits-vegetables/vegetables/potatoes-carrots-celery/purple-creamer-potatoes/p/629307124211"
  },
  {
    "product_name": "Garlic and Parsley Flavoured Fresh Creamer Potatoes",
    "store": "metro",
    "sold_by_weight": { "is": false, "price_per_lb": "", "price_per_kg": "" },
    "sold_individually": { "is": false, "price_per_item": "" },
    "sold_by_package": {
      "is": true,
      "price_per_package": "4.99",
      "units_per_package": "454g",
      "price_per_100g": "1.10"
    },
    "img_src": "https://product-images.metro.ca/images/hbe/hda/10315938365470.jpg",
    "link": "https://www.metro.ca/en/online-grocery/aisles/fruits-vegetables/garlic-and-parsley-flavoured-fresh-creamer-potatoes/p/629307017513"
  },
  {
    "product_name": "Cherry Tomatoes",
    "store": "metro",
    "sold_by_weight": { "is": false, "price_per_lb": "", "price_per_kg": "" },
    "sold_individually": { "is": false, "price_per_item": "" },
    "sold_by_package": {
      "is": true,
      "price_per_package": "24.00",
      "units_per_package": "150g",
      "price_per_100g": "1.33"
    },
    "img_src": "https://product-images.metro.ca/images/hc1/h41/9910585950238.jpg",
    "link": "https://www.metro.ca/en/online-grocery/aisles/fruits-vegetables/vegetables/tomatoes-cucumber/cherry-tomatoes/p/811594000051"
  },
  {
    "product_name": "Garlic Puree",
    "store": "metro",
    "sold_by_weight": { "is": false, "price_per_lb": "", "price_per_kg": "" },
    "sold_individually": { "is": false, "price_per_item": "" },
    "sold_by_package": {
      "is": true,
      "price_per_package": "4.99",
      "units_per_package": "125g",
      "price_per_100g": "3.99"
    },
    "img_src": "https://product-images.metro.ca/images/hb7/h05/10464835797022.jpg",
    "link": "https://www.metro.ca/en/online-grocery/aisles/fruits-vegetables/vegetables/ginger-garlic-shallots/garlic-puree/p/835862003001"
  },
  {
    "product_name": "Greek Mix Salad Kit",
    "store": "metro",
    "sold_by_weight": { "is": false, "price_per_lb": "", "price_per_kg": "" },
    "sold_individually": { "is": false, "price_per_item": "" },
    "sold_by_package": {
      "is": true,
      "price_per_package": "8.99",
      "units_per_package": "454g",
      "price_per_100g": "1.98"
    },
    "img_src": "https://product-images.metro.ca/images/hd1/h6b/10300170469406.jpg",
    "link": "https://www.metro.ca/en/online-grocery/aisles/fruits-vegetables/vegetables/lettuce-leafy-vegetables/greek-mix-salad-kit/p/888048000585"
  },
  {
    "product_name": "Hearty Harvest",
    "store": "metro",
    "sold_by_weight": { "is": false, "price_per_lb": "", "price_per_kg": "" },
    "sold_individually": { "is": false, "price_per_item": "" },
    "sold_by_package": {
      "is": true,
      "price_per_package": "3.99",
      "units_per_package": "142g",
      "price_per_100g": "2.81"
    },
    "img_src": "https://product-images.metro.ca/images/hfc/hcd/10715824062494.jpg",
    "link": "https://www.metro.ca/en/online-grocery/aisles/fruits-vegetables/packaged-salads-vegetables/hearty-harvest/p/888048000110"
  },
  {
    "product_name": "Celery Hearts",
    "store": "metro",
    "sold_by_weight": { "is": false, "price_per_lb": "", "price_per_kg": "" },
    "sold_individually": { "is": false, "price_per_item": "" },
    "sold_by_package": {
      "is": true,
      "price_per_package": "2.50",
      "units_per_package": "1 un",
      "price_per_100g": ""
    },
    "img_src": "https://product-images.metro.ca/images/h82/h17/10269188718622.jpg",
    "link": "https://www.metro.ca/en/online-grocery/aisles/fruits-vegetables/vegetables/potatoes-carrots-celery/celery-hearts/p/4575"
  },
  {
    "product_name": "Organic Local Green Zucchini",
    "store": "metro",
    "sold_by_weight": { "is": false, "price_per_lb": "", "price_per_kg": "" },
    "sold_individually": { "is": false, "price_per_item": "" },
    "sold_by_package": {
      "is": true,
      "price_per_package": "2.50",
      "units_per_package": "2 units per package",
      "price_per_100g": ""
    },
    "img_src": "https://www.metro.ca/images/shared/large/default--400x400.jpg?v=4.63.0+r1796",
    "link": "https://www.metro.ca/en/online-grocery/aisles/fruits-vegetables/vegetables/peppers-zucchini-eggplant/organic-local-green-zucchini/p/627843472926"
  },
  {
    "product_name": "Spanish Garlic",
    "store": "metro",
    "sold_by_weight": { "is": false, "price_per_lb": "", "price_per_kg": "" },
    "sold_individually": { "is": false, "price_per_item": "" },
    "sold_by_package": {
      "is": true,
      "price_per_package": "1.00",
      "units_per_package": "3 un",
      "price_per_100g": ""
    },
    "img_src": "https://product-images.metro.ca/images/hf7/h4c/9825099579422.jpg",
    "link": "https://www.metro.ca/en/online-grocery/aisles/fruits-vegetables/vegetables/ginger-garlic-shallots/spanish-garlic/p/819377013250"
  },
  {
    "product_name": "Frisee Lettuces",
    "store": "metro",
    "sold_by_weight": { "is": false, "price_per_lb": "", "price_per_kg": "" },
    "sold_individually": { "is": false, "price_per_item": "" },
    "sold_by_package": {
      "is": true,
      "price_per_package": "2.25",
      "units_per_package": "2 un",
      "price_per_100g": ""
    },
    "img_src": "https://product-images.metro.ca/images/hac/h93/10109291003934.jpg",
    "link": "https://www.metro.ca/en/online-grocery/aisles/fruits-vegetables/vegetables/lettuce-leafy-vegetables/frisee-lettuces/p/895787000165"
  },
  {
    "product_name": "Fleur De Mirabel Lettuce Duo",
    "store": "metro",
    "sold_by_weight": { "is": false, "price_per_lb": "", "price_per_kg": "" },
    "sold_individually": { "is": false, "price_per_item": "" },
    "sold_by_package": {
      "is": true,
      "price_per_package": "4.49",
      "units_per_package": "1 un",
      "price_per_100g": ""
    },
    "img_src": "https://product-images.metro.ca/images/h9c/haa/10109356408862.jpg",
    "link": "https://www.metro.ca/en/online-grocery/aisles/fruits-vegetables/vegetables/lettuce-leafy-vegetables/fleur-de-mirabel-lettuce-duo/p/895787000264"
  },
  {
    "product_name": "Broccoli Crown",
    "store": "metro",
    "sold_by_weight": { "is": false, "price_per_lb": "", "price_per_kg": "" },
    "sold_individually": { "is": false, "price_per_item": "" },
    "sold_by_package": {
      "is": true,
      "price_per_package": "2.00",
      "units_per_package": "1 un",
      "price_per_100g": ""
    },
    "img_src": "https://product-images.metro.ca/images/h16/hf9/10892958367774.jpg",
    "link": "https://www.metro.ca/en/online-grocery/aisles/fruits-vegetables/vegetables/broccoli-cauliflower-cabbage/broccoli-crown/p/874178000014"
  },
  {
    "product_name": "Yellow Zucchini",
    "store": "metro",
    "sold_by_weight": { "is": true, "price_per_lb": "2.49", "price_per_kg": "5.49" },
    "sold_individually": { "is": false, "price_per_item": "" },
    "sold_by_package": {
      "is": false,
      "price_per_package": "",
      "units_per_package": "",
      "price_per_100g": ""
    },
    "img_src": "https://product-images.metro.ca/images/hea/he9/8833347813406.jpg",
    "link": "https://www.metro.ca/en/online-grocery/aisles/fruits-vegetables/vegetables/peppers-zucchini-eggplant/yellow-zucchini/p/4086"
  },
  {
    "product_name": "Eggplant",
    "store": "metro",
    "sold_by_weight": { "is": true, "price_per_lb": "2.49", "price_per_kg": "5.49" },
    "sold_individually": { "is": false, "price_per_item": "" },
    "sold_by_package": {
      "is": false,
      "price_per_package": "",
      "units_per_package": "",
      "price_per_100g": ""
    },
    "img_src": "https://product-images.metro.ca/images/h2a/h66/9246491738142.jpg",
    "link": "https://www.metro.ca/en/online-grocery/aisles/fruits-vegetables/vegetables/peppers-zucchini-eggplant/eggplant/p/4081"
  },
  {
    "product_name": "Green Pepper",
    "store": "metro",
    "sold_by_weight": { "is": true, "price_per_lb": "1.99", "price_per_kg": "4.39" },
    "sold_individually": { "is": false, "price_per_item": "" },
    "sold_by_package": {
      "is": false,
      "price_per_package": "",
      "units_per_package": "",
      "price_per_100g": ""
    },
    "img_src": "https://product-images.metro.ca/images/h4c/h3d/9246490460190.jpg",
    "link": "https://www.metro.ca/en/online-grocery/aisles/fruits-vegetables/vegetables/peppers-zucchini-eggplant/green-pepper/p/4065"
  },
  {
    "product_name": "Yellow Vidalia Onion",
    "store": "metro",
    "sold_by_weight": { "is": true, "price_per_lb": "2.99", "price_per_kg": "6.59" },
    "sold_individually": { "is": false, "price_per_item": "" },
    "sold_by_package": {
      "is": false,
      "price_per_package": "",
      "units_per_package": "",
      "price_per_100g": ""
    },
    "img_src": "https://product-images.metro.ca/images/hbb/h8a/8835051749406.jpg",
    "link": "https://www.metro.ca/en/online-grocery/aisles/fruits-vegetables/vegetables/onions-leeks/yellow-vidalia-onion/p/4159"
  },
  {
    "product_name": "Local red tomato",
    "store": "metro",
    "sold_by_weight": { "is": false, "price_per_lb": "", "price_per_kg": "" },
    "sold_individually": { "is": true, "price_per_item": "6.59" },
    "sold_by_package": {
      "is": false,
      "price_per_package": "",
      "units_per_package": "",
      "price_per_100g": ""
    },
    "img_src": "https://product-images.metro.ca/images/h09/he7/8837351243806.jpg",
    "link": "https://www.metro.ca/en/online-grocery/aisles/fruits-vegetables/vegetables/tomatoes-cucumber/local-red-tomato/p/4800"
  },
  {
    "product_name": "Carrots Basket",
    "store": "metro",
    "sold_by_weight": { "is": false, "price_per_lb": "", "price_per_kg": "" },
    "sold_individually": { "is": false, "price_per_item": "" },
    "sold_by_package": {
      "is": true,
      "price_per_package": "3.99",
      "units_per_package": "1.5L",
      "price_per_100g": "0.59"
    },
    "img_src": "https://product-images.metro.ca/images/h9a/h8c/9262051196958.jpg",
    "link": "https://www.metro.ca/en/online-grocery/aisles/fruits-vegetables/vegetables/potatoes-carrots-celery/carrots-basket/p/10202"
  },
  {
    "product_name": "Yellow Bean Basket",
    "store": "metro",
    "sold_by_weight": { "is": false, "price_per_lb": "", "price_per_kg": "" },
    "sold_individually": { "is": false, "price_per_item": "" },
    "sold_by_package": {
      "is": true,
      "price_per_package": "3.99",
      "units_per_package": "1.5L",
      "price_per_100g": "0.59"
    },
    "img_src": "https://product-images.metro.ca/images/h4f/h3c/9262123647006.jpg",
    "link": "https://www.metro.ca/en/online-grocery/aisles/fruits-vegetables/vegetables/peas-beans-corn/yellow-bean-basket/p/10210"
  },
  {
    "product_name": "Basket of Local White Creamer Potatoes",
    "store": "metro",
    "sold_by_weight": { "is": false, "price_per_lb": "", "price_per_kg": "" },
    "sold_individually": { "is": false, "price_per_item": "" },
    "sold_by_package": {
      "is": true,
      "price_per_package": "3.99",
      "units_per_package": "1.5L",
      "price_per_100g": "0.27"
    },
    "img_src": "https://product-images.metro.ca/images/h48/h20/9247845548062.jpg",
    "link": "https://www.metro.ca/en/online-grocery/aisles/fruits-vegetables/vegetables/potatoes-carrots-celery/basket-of-local-white-creamer-potatoes/p/10211"
  },
  {
    "product_name": "Green Bean Basket",
    "store": "metro",
    "sold_by_weight": { "is": false, "price_per_lb": "", "price_per_kg": "" },
    "sold_individually": { "is": false, "price_per_item": "" },
    "sold_by_package": {
      "is": true,
      "price_per_package": "3.99",
      "units_per_package": "1.5L",
      "price_per_100g": "0.59"
    },
    "img_src": "https://product-images.metro.ca/images/h58/he7/9262051164190.jpg",
    "link": "https://www.metro.ca/en/online-grocery/aisles/fruits-vegetables/vegetables/peas-beans-corn/green-bean-basket/p/10213"
  },
  {
    "product_name": "Basket of Local Zucchini",
    "store": "metro",
    "sold_by_weight": { "is": false, "price_per_lb": "", "price_per_kg": "" },
    "sold_individually": { "is": false, "price_per_item": "" },
    "sold_by_package": {
      "is": true,
      "price_per_package": "3.99",
      "units_per_package": "1.5L",
      "price_per_100g": "0.27"
    },
    "img_src": "https://product-images.metro.ca/images/h8d/h7f/9247871041566.jpg",
    "link": "https://www.metro.ca/en/online-grocery/aisles/fruits-vegetables/vegetables/peppers-zucchini-eggplant/basket-of-local-zucchini/p/10204"
  },
  {
    "product_name": "Basket of Local Yellow Zucchini",
    "store": "metro",
    "sold_by_weight": { "is": false, "price_per_lb": "", "price_per_kg": "" },
    "sold_individually": { "is": false, "price_per_item": "" },
    "sold_by_package": {
      "is": true,
      "price_per_package": "3.99",
      "units_per_package": "1.5L",
      "price_per_100g": "0.27"
    },
    "img_src": "https://product-images.metro.ca/images/hec/h00/9247845482526.jpg",
    "link": "https://www.metro.ca/en/online-grocery/aisles/fruits-vegetables/vegetables/peppers-zucchini-eggplant/basket-of-local-yellow-zucchini/p/10205"
  },
  {
    "product_name": "Organic Carrots",
    "store": "metro",
    "sold_by_weight": { "is": false, "price_per_lb": "", "price_per_kg": "" },
    "sold_individually": { "is": false, "price_per_item": "" },
    "sold_by_package": {
      "is": true,
      "price_per_package": "3.49",
      "units_per_package": "1un",
      "price_per_100g": "0.38"
    },
    "img_src": "https://product-images.metro.ca/images/h21/h31/10461906108446.jpg",
    "link": "https://www.metro.ca/en/online-grocery/aisles/organic-groceries/fruits-vegetables/organic-vegetables/organic-carrots/p/172910081889"
  },
  {
    "product_name": "Four Colours Pepper",
    "store": "metro",
    "sold_by_weight": { "is": false, "price_per_lb": "", "price_per_kg": "" },
    "sold_individually": { "is": false, "price_per_item": "" },
    "sold_by_package": {
      "is": true,
      "price_per_package": "5.99",
      "units_per_package": "335g",
      "price_per_100g": "1.60"
    },
    "img_src": "https://product-images.metro.ca/images/hcd/hcd/9289085517854.jpg",
    "link": "https://www.metro.ca/en/online-grocery/aisles/fruits-vegetables/vegetables/peppers-zucchini-eggplant/four-colours-pepper/p/235422"
  },
  {
    "product_name": "Tricolor Peppers",
    "store": "metro",
    "sold_by_weight": { "is": false, "price_per_lb": "", "price_per_kg": "" },
    "sold_individually": { "is": false, "price_per_item": "" },
    "sold_by_package": {
      "is": true,
      "price_per_package": "5.99",
      "units_per_package": "315g",
      "price_per_100g": "1.84"
    },
    "img_src": "https://www.metro.ca/images/shared/large/default--400x400.jpg?v=4.63.0+r1796",
    "link": "https://www.metro.ca/en/online-grocery/aisles/fruits-vegetables/vegetables/peppers-zucchini-eggplant/tricolor-peppers/p/235418"
  },
  {
    "product_name": "Sliced Green and Yellow Zucchinis",
    "store": "metro",
    "sold_by_weight": { "is": false, "price_per_lb": "", "price_per_kg": "" },
    "sold_individually": { "is": false, "price_per_item": "" },
    "sold_by_package": {
      "is": true,
      "price_per_package": "2.99",
      "units_per_package": "325g",
      "price_per_100g": "0.92"
    },
    "img_src": "https://www.metro.ca/images/shared/large/default--400x400.jpg?v=4.63.0+r1796",
    "link": "https://www.metro.ca/en/online-grocery/aisles/fruits-vegetables/fresh-cut-fruits-vegetables/sliced-green-and-yellow-zucchinis/p/235409"
  },
  {
    "product_name": "Sweet Potato Cubes",
    "store": "metro",
    "sold_by_weight": { "is": false, "price_per_lb": "", "price_per_kg": "" },
    "sold_individually": { "is": false, "price_per_item": "" },
    "sold_by_package": {
      "is": true,
      "price_per_package": "2.49",
      "units_per_package": "245g",
      "price_per_100g": "1.00"
    },
    "img_src": "https://product-images.metro.ca/images/h20/h5a/9288748531742.jpg",
    "link": "https://www.metro.ca/en/online-grocery/aisles/fruits-vegetables/fresh-cut-fruits-vegetables/sweet-potato-cubes/p/235406"
  },
  {
    "product_name": "Grated Green Cabbage",
    "store": "metro",
    "sold_by_weight": { "is": false, "price_per_lb": "", "price_per_kg": "" },
    "sold_individually": { "is": false, "price_per_item": "" },
    "sold_by_package": {
      "is": true,
      "price_per_package": "1.99",
      "units_per_package": "260g",
      "price_per_100g": "0.77"
    },
    "img_src": "https://www.metro.ca/images/shared/large/default--400x400.jpg?v=4.63.0+r1796",
    "link": "https://www.metro.ca/en/online-grocery/aisles/fruits-vegetables/fresh-cut-fruits-vegetables/grated-green-cabbage/p/235399"
  },
  {
    "product_name": "Half Brussels Sprouts",
    "store": "metro",
    "sold_by_weight": { "is": false, "price_per_lb": "", "price_per_kg": "" },
    "sold_individually": { "is": false, "price_per_item": "" },
    "sold_by_package": {
      "is": true,
      "price_per_package": "2.99",
      "units_per_package": "225g",
      "price_per_100g": "1.33"
    },
    "img_src": "https://www.metro.ca/images/shared/large/default--400x400.jpg?v=4.63.0+r1796",
    "link": "https://www.metro.ca/en/online-grocery/aisles/fruits-vegetables/vegetables/broccoli-cauliflower-cabbage/half-brussels-sprouts/p/235395"
  },
  {
    "product_name": "Organic Whole Cremini Mushrooms",
    "store": "metro",
    "sold_by_weight": { "is": false, "price_per_lb": "", "price_per_kg": "" },
    "sold_individually": { "is": false, "price_per_item": "" },
    "sold_by_package": {
      "is": true,
      "price_per_package": "3.49",
      "units_per_package": "227g",
      "price_per_100g": "1.54"
    },
    "img_src": "https://product-images.metro.ca/images/h43/h4e/10073346637854.jpg",
    "link": "https://www.metro.ca/en/online-grocery/aisles/fruits-vegetables/vegetables/mushrooms/organic-whole-cremini-mushrooms/p/059749976459"
  },
  {
    "product_name": "Perfect French Fries Potatoes",
    "store": "metro",
    "sold_by_weight": { "is": false, "price_per_lb": "", "price_per_kg": "" },
    "sold_individually": { "is": false, "price_per_item": "" },
    "sold_by_package": {
      "is": true,
      "price_per_package": "4.99",
      "units_per_package": "5lb",
      "price_per_100g": "0.22"
    },
    "img_src": "https://product-images.metro.ca/images/he1/h11/10882783019038.jpg",
    "link": "https://www.metro.ca/en/online-grocery/aisles/fruits-vegetables/vegetables/potatoes-carrots-celery/perfect-french-fries-potatoes/p/063866052002"
  },
  {
    "product_name": "Perfect Baking Potatoes",
    "store": "metro",
    "sold_by_weight": { "is": false, "price_per_lb": "", "price_per_kg": "" },
    "sold_individually": { "is": false, "price_per_item": "" },
    "sold_by_package": {
      "is": true,
      "price_per_package": "2.99",
      "units_per_package": "3lb",
      "price_per_100g": "0.22"
    },
    "img_src": "https://product-images.metro.ca/images/he2/hb6/10882785148958.jpg",
    "link": "https://www.metro.ca/en/online-grocery/aisles/fruits-vegetables/vegetables/potatoes-carrots-celery/perfect-baking-potatoes/p/063866053009"
  },
  {
    "product_name": "Yellow Flesh Red Potatoes",
    "store": "metro",
    "sold_by_weight": { "is": false, "price_per_lb": "", "price_per_kg": "" },
    "sold_individually": { "is": false, "price_per_item": "" },
    "sold_by_package": {
      "is": true,
      "price_per_package": "4.99",
      "units_per_package": "5lb",
      "price_per_100g": "0.22"
    },
    "img_src": "https://product-images.metro.ca/images/h19/h33/9877662138398.jpg",
    "link": "https://www.metro.ca/en/online-grocery/aisles/fruits-vegetables/vegetables/potatoes-carrots-celery/yellow-flesh-red-potatoes/p/063866054006"
  },
  {
    "product_name": "Garlic flower",
    "store": "metro",
    "sold_by_weight": { "is": false, "price_per_lb": "", "price_per_kg": "" },
    "sold_individually": { "is": false, "price_per_item": "" },
    "sold_by_package": {
      "is": true,
      "price_per_package": "4.49",
      "units_per_package": "100g",
      "price_per_100g": "4.49"
    },
    "img_src": "https://product-images.metro.ca/images/hc0/h5e/9182778884126.jpg",
    "link": "https://www.metro.ca/en/online-grocery/aisles/fruits-vegetables/vegetables/ginger-garlic-shallots/garlic-flower/p/627557000095"
  },
  {
    "product_name": "Smoked Salt Flavoured Fresh Creamer Potatoes",
    "store": "metro",
    "sold_by_weight": { "is": false, "price_per_lb": "", "price_per_kg": "" },
    "sold_individually": { "is": false, "price_per_item": "" },
    "sold_by_package": {
      "is": true,
      "price_per_package": "4.99",
      "units_per_package": "454g",
      "price_per_100g": "1.10"
    },
    "img_src": "https://product-images.metro.ca/images/hd0/heb/10315939905566.jpg",
    "link": "https://www.metro.ca/en/online-grocery/aisles/fruits-vegetables/smoked-salt-flavoured-fresh-creamer-potatoes/p/629307013911"
  },
  {
    "product_name": "Trio Cherry Tomatoes",
    "store": "metro",
    "sold_by_weight": { "is": false, "price_per_lb": "", "price_per_kg": "" },
    "sold_individually": { "is": false, "price_per_item": "" },
    "sold_by_package": {
      "is": true,
      "price_per_package": "4.99",
      "units_per_package": "200g",
      "price_per_100g": "2.50"
    },
    "img_src": "https://product-images.metro.ca/images/h9a/h83/9906546802718.jpg",
    "link": "https://www.metro.ca/en/online-grocery/aisles/fruits-vegetables/vegetables/tomatoes-cucumber/trio-cherry-tomatoes/p/696713201928"
  },
  {
    "product_name": "Local Russet Potatoes",
    "store": "metro",
    "sold_by_weight": { "is": false, "price_per_lb": "", "price_per_kg": "" },
    "sold_individually": { "is": false, "price_per_item": "" },
    "sold_by_package": {
      "is": true,
      "price_per_package": "6.99",
      "units_per_package": "10 lb",
      "price_per_100g": ""
    },
    "img_src": "https://product-images.metro.ca/images/hca/h72/9761232846878.jpg",
    "link": "https://www.metro.ca/en/online-grocery/aisles/fruits-vegetables/vegetables/potatoes-carrots-celery/local-russet-potatoes/p/059749838443"
  },
  {
    "product_name": "Local Purple Cauliflower",
    "store": "metro",
    "sold_by_weight": { "is": false, "price_per_lb": "", "price_per_kg": "" },
    "sold_individually": { "is": false, "price_per_item": "" },
    "sold_by_package": {
      "is": true,
      "price_per_package": "3.99",
      "units_per_package": "1 un",
      "price_per_100g": ""
    },
    "img_src": "https://www.metro.ca/images/shared/large/default--400x400.jpg?v=4.63.0+r1796",
    "link": "https://www.metro.ca/en/online-grocery/aisles/fruits-vegetables/vegetables/broccoli-cauliflower-cabbage/local-purple-cauliflower/p/4568"
  },
  {
    "product_name": "Local Rainbow Swiss Chard",
    "store": "metro",
    "sold_by_weight": { "is": false, "price_per_lb": "", "price_per_kg": "" },
    "sold_individually": { "is": false, "price_per_item": "" },
    "sold_by_package": {
      "is": true,
      "price_per_package": "2.99",
      "units_per_package": "1 un",
      "price_per_100g": ""
    },
    "img_src": "https://www.metro.ca/images/shared/large/default--400x400.jpg?v=4.63.0+r1796",
    "link": "https://www.metro.ca/en/online-grocery/aisles/fruits-vegetables/vegetables/lettuce-leafy-vegetables/local-rainbow-swiss-chard/p/4588"
  },
  {
    "product_name": "Local red tomato",
    "store": "metro",
    "sold_by_weight": { "is": true, "price_per_lb": "2.99", "price_per_kg": "6.59" },
    "sold_individually": { "is": false, "price_per_item": "" },
    "sold_by_package": {
      "is": false,
      "price_per_package": "",
      "units_per_package": "",
      "price_per_100g": ""
    },
    "img_src": "https://product-images.metro.ca/images/h09/he7/8837351243806.jpg",
    "link": "https://www.metro.ca/en/online-grocery/aisles/fruits-vegetables/vegetables/tomatoes-cucumber/local-red-tomato/p/4800"
  },
  {
    "product_name": "Orange cauliflower",
    "store": "metro",
    "sold_by_weight": { "is": false, "price_per_lb": "", "price_per_kg": "" },
    "sold_individually": { "is": true, "price_per_item": "3.99" },
    "sold_by_package": {
      "is": false,
      "price_per_package": "",
      "units_per_package": "",
      "price_per_100g": ""
    },
    "img_src": "https://product-images.metro.ca/images/h82/hae/8858960429086.jpg",
    "link": "https://www.metro.ca/en/online-grocery/aisles/fruits-vegetables/vegetables/broccoli-cauliflower-cabbage/orange-cauliflower/p/3436"
  },
  {
    "product_name": "Oyster Mushrooms",
    "store": "metro",
    "sold_by_weight": { "is": false, "price_per_lb": "", "price_per_kg": "" },
    "sold_individually": { "is": false, "price_per_item": "" },
    "sold_by_package": {
      "is": true,
      "price_per_package": "4.99",
      "units_per_package": "85g",
      "price_per_100g": "5.87"
    },
    "img_src": "https://product-images.metro.ca/images/h02/h2a/8874171105310.jpg",
    "link": "https://www.metro.ca/en/online-grocery/aisles/fruits-vegetables/vegetables/mushrooms/oyster-mushrooms/p/059749868747"
  },
  {
    "product_name": "Medley of Tomatoes",
    "store": "metro",
    "sold_by_weight": { "is": false, "price_per_lb": "", "price_per_kg": "" },
    "sold_individually": { "is": false, "price_per_item": "" },
    "sold_by_package": {
      "is": true,
      "price_per_package": "3.99",
      "units_per_package": "283g",
      "price_per_100g": "1.41"
    },
    "img_src": "https://product-images.metro.ca/images/h2a/h0f/9363138576414.jpg",
    "link": "https://www.metro.ca/en/online-grocery/aisles/fruits-vegetables/vegetables/tomatoes-cucumber/medley-of-tomatoes/p/826920000629"
  },
  {
    "product_name": "Thai Chili Peppers",
    "store": "metro",
    "sold_by_weight": { "is": false, "price_per_lb": "", "price_per_kg": "" },
    "sold_individually": { "is": false, "price_per_item": "" },
    "sold_by_package": {
      "is": true,
      "price_per_package": "4.99",
      "units_per_package": "40g",
      "price_per_100g": "12.48"
    },
    "img_src": "https://product-images.metro.ca/images/h29/hd9/8938736156702.jpg",
    "link": "https://www.metro.ca/en/online-grocery/aisles/fruits-vegetables/vegetables/peppers-zucchini-eggplant/thai-chili-peppers/p/685750000175"
  },
  {
    "product_name": "Organic Portobello Mushroom Caps",
    "store": "metro",
    "sold_by_weight": { "is": false, "price_per_lb": "", "price_per_kg": "" },
    "sold_individually": { "is": false, "price_per_item": "" },
    "sold_by_package": {
      "is": true,
      "price_per_package": "5.99",
      "units_per_package": "170g",
      "price_per_100g": "3.52"
    },
    "img_src": "https://product-images.metro.ca/images/hbd/h84/10823328694302.jpg",
    "link": "https://www.metro.ca/en/online-grocery/aisles/organic-groceries/fruits-vegetables/organic-portobello-mushroom-caps/p/774941008271"
  },
  {
    "product_name": "Organic Whole White Mushrooms",
    "store": "metro",
    "sold_by_weight": { "is": false, "price_per_lb": "", "price_per_kg": "" },
    "sold_individually": { "is": false, "price_per_item": "" },
    "sold_by_package": {
      "is": true,
      "price_per_package": "3.49",
      "units_per_package": "227g",
      "price_per_100g": "1.54"
    },
    "img_src": "https://product-images.metro.ca/images/h77/hff/10073345982494.jpg",
    "link": "https://www.metro.ca/en/online-grocery/aisles/fruits-vegetables/vegetables/mushrooms/organic-whole-white-mushrooms/p/059749976442"
  },
  {
    "product_name": "Perfect Pur√©e Potatoes",
    "store": "metro",
    "sold_by_weight": { "is": false, "price_per_lb": "", "price_per_kg": "" },
    "sold_individually": { "is": false, "price_per_item": "" },
    "sold_by_package": {
      "is": true,
      "price_per_package": "4.99",
      "units_per_package": "5lb",
      "price_per_100g": "0.22"
    },
    "img_src": "https://product-images.metro.ca/images/h2d/hab/10882783313950.jpg",
    "link": "https://www.metro.ca/en/online-grocery/aisles/fruits-vegetables/vegetables/potatoes-carrots-celery/perfect-puree-potatoes/p/033383457796"
  },
  {
    "product_name": "Carrots and Celery",
    "store": "metro",
    "sold_by_weight": { "is": false, "price_per_lb": "", "price_per_kg": "" },
    "sold_individually": { "is": false, "price_per_item": "" },
    "sold_by_package": {
      "is": true,
      "price_per_package": "3.99",
      "units_per_package": "325g",
      "price_per_100g": "1.23"
    },
    "img_src": "https://www.metro.ca/images/shared/large/default--400x400.jpg?v=4.63.0+r1796",
    "link": "https://www.metro.ca/en/online-grocery/aisles/fruits-vegetables/vegetables/potatoes-carrots-celery/carrots-and-celery/p/235393"
  },
  {
    "product_name": "Broccoli",
    "store": "metro",
    "sold_by_weight": { "is": false, "price_per_lb": "", "price_per_kg": "" },
    "sold_individually": { "is": false, "price_per_item": "" },
    "sold_by_package": {
      "is": true,
      "price_per_package": "3.99",
      "units_per_package": "220g",
      "price_per_100g": "1.81"
    },
    "img_src": "https://product-images.metro.ca/images/hf5/h55/9288534425630.jpg",
    "link": "https://www.metro.ca/en/online-grocery/aisles/fruits-vegetables/vegetables/broccoli-cauliflower-cabbage/broccoli/p/235390"
  },
  {
    "product_name": "Broccoli and Cauliflower",
    "store": "metro",
    "sold_by_weight": { "is": false, "price_per_lb": "", "price_per_kg": "" },
    "sold_individually": { "is": false, "price_per_item": "" },
    "sold_by_package": {
      "is": true,
      "price_per_package": "3.99",
      "units_per_package": "200g",
      "price_per_100g": "2.00"
    },
    "img_src": "https://product-images.metro.ca/images/h6b/h42/9873176854558.jpg",
    "link": "https://www.metro.ca/en/online-grocery/aisles/fruits-vegetables/vegetables/broccoli-cauliflower-cabbage/broccoli-and-cauliflower/p/235391"
  },
  {
    "product_name": "Local Small Red Potatoes",
    "store": "metro",
    "sold_by_weight": { "is": false, "price_per_lb": "", "price_per_kg": "" },
    "sold_individually": { "is": false, "price_per_item": "" },
    "sold_by_package": {
      "is": true,
      "price_per_package": "3.99",
      "units_per_package": "3lb",
      "price_per_100g": "0.29"
    },
    "img_src": "https://product-images.metro.ca/images/hb0/h13/9311201755166.jpg",
    "link": "https://www.metro.ca/en/online-grocery/aisles/fruits-vegetables/vegetables/potatoes-carrots-celery/local-small-red-potatoes/p/059749974691"
  },
  {
    "product_name": "Nantes Carrots",
    "store": "metro",
    "sold_by_weight": { "is": false, "price_per_lb": "", "price_per_kg": "" },
    "sold_individually": { "is": false, "price_per_item": "" },
    "sold_by_package": {
      "is": true,
      "price_per_package": "3.49",
      "units_per_package": "454g",
      "price_per_100g": "0.77"
    },
    "img_src": "https://product-images.metro.ca/images/h81/hd8/9246467981342.jpg",
    "link": "https://www.metro.ca/en/online-grocery/aisles/fruits-vegetables/vegetables/potatoes-carrots-celery/nantes-carrots/p/059749926089"
  },
  {
    "product_name": "Cherto Cherry Tomato",
    "store": "metro",
    "sold_by_weight": { "is": false, "price_per_lb": "", "price_per_kg": "" },
    "sold_individually": { "is": false, "price_per_item": "" },
    "sold_by_package": {
      "is": true,
      "price_per_package": "4.99",
      "units_per_package": "255g",
      "price_per_100g": "1.96"
    },
    "img_src": "https://product-images.metro.ca/images/hb1/h58/9703210778654.jpg",
    "link": "https://www.metro.ca/en/online-grocery/aisles/fruits-vegetables/vegetables/tomatoes-cucumber/cherto-cherry-tomato/p/069905824180"
  },
  {
    "product_name": "Parisian Plain Potatoes",
    "store": "metro",
    "sold_by_weight": { "is": false, "price_per_lb": "", "price_per_kg": "" },
    "sold_individually": { "is": false, "price_per_item": "" },
    "sold_by_package": {
      "is": true,
      "price_per_package": "4.99",
      "units_per_package": "368g",
      "price_per_100g": "1.36"
    },
    "img_src": "https://product-images.metro.ca/images/h88/ha7/9559732617246.jpg",
    "link": "https://www.metro.ca/en/online-grocery/aisles/fruits-vegetables/vegetables/potatoes-carrots-celery/parisian-plain-potatoes/p/067499180804"
  },
  {
    "product_name": "Seasoned Wedged Greek Potato",
    "store": "metro",
    "sold_by_weight": { "is": false, "price_per_lb": "", "price_per_kg": "" },
    "sold_individually": { "is": false, "price_per_item": "" },
    "sold_by_package": {
      "is": true,
      "price_per_package": "4.99",
      "units_per_package": "397g",
      "price_per_100g": "1.26"
    },
    "img_src": "https://product-images.metro.ca/images/h51/h6c/9559727538206.jpg",
    "link": "https://www.metro.ca/en/online-grocery/aisles/fruits-vegetables/vegetables/potatoes-carrots-celery/seasoned-wedged-greek-potato/p/067499011801"
  },
  {
    "product_name": "Garlic and Tomato Flavoured Parisian Potatoes",
    "store": "metro",
    "sold_by_weight": { "is": false, "price_per_lb": "", "price_per_kg": "" },
    "sold_individually": { "is": false, "price_per_item": "" },
    "sold_by_package": {
      "is": true,
      "price_per_package": "4.99",
      "units_per_package": "368g",
      "price_per_100g": "1.36"
    },
    "img_src": "https://product-images.metro.ca/images/he8/hb0/9634048475166.jpg",
    "link": "https://www.metro.ca/en/online-grocery/aisles/fruits-vegetables/vegetables/potatoes-carrots-celery/garlic-and-tomato-flavoured-parisian-potatoes/p/067499179808"
  },
  {
    "product_name": "Basket of Local Kirby Mini Cucumbers",
    "store": "metro",
    "sold_by_weight": { "is": false, "price_per_lb": "", "price_per_kg": "" },
    "sold_individually": { "is": false, "price_per_item": "" },
    "sold_by_package": {
      "is": true,
      "price_per_package": "5.99",
      "units_per_package": "1.5L",
      "price_per_100g": "0.40"
    },
    "img_src": "https://product-images.metro.ca/images/hbb/hee/9247871172638.jpg",
    "link": "https://www.metro.ca/en/online-grocery/aisles/fruits-vegetables/vegetables/tomatoes-cucumber/basket-of-local-kirby-mini-cucumbers/p/10096"
  },
  {
    "product_name": "Coloured Carrot Basket",
    "store": "metro",
    "sold_by_weight": { "is": false, "price_per_lb": "", "price_per_kg": "" },
    "sold_individually": { "is": false, "price_per_item": "" },
    "sold_by_package": {
      "is": true,
      "price_per_package": "3.99",
      "units_per_package": "1.5L",
      "price_per_100g": "0.27"
    },
    "img_src": "https://product-images.metro.ca/images/ha6/h71/9262120337438.jpg",
    "link": "https://www.metro.ca/en/online-grocery/aisles/fruits-vegetables/vegetables/potatoes-carrots-celery/coloured-carrot-basket/p/10095"
  },
  {
    "product_name": "White Pearl Onions",
    "store": "metro",
    "sold_by_weight": { "is": false, "price_per_lb": "", "price_per_kg": "" },
    "sold_individually": { "is": false, "price_per_item": "" },
    "sold_by_package": {
      "is": true,
      "price_per_package": "3.49",
      "units_per_package": "175 g",
      "price_per_100g": ""
    },
    "img_src": "https://product-images.metro.ca/images/ha6/ha5/8893820469278.jpg",
    "link": "https://www.metro.ca/en/online-grocery/aisles/fruits-vegetables/vegetables/onions-leeks/white-pearl-onions/p/055117003000"
  },
  {
    "product_name": "Organic Celery Hearts",
    "store": "metro",
    "sold_by_weight": { "is": false, "price_per_lb": "", "price_per_kg": "" },
    "sold_individually": { "is": false, "price_per_item": "" },
    "sold_by_package": {
      "is": true,
      "price_per_package": "3.99",
      "units_per_package": "1 un",
      "price_per_100g": ""
    },
    "img_src": "https://product-images.metro.ca/images/hd5/hb0/8893486268446.jpg",
    "link": "https://www.metro.ca/en/online-grocery/aisles/fruits-vegetables/vegetables/potatoes-carrots-celery/organic-celery-hearts/p/858959004309"
  },
  {
    "product_name": "Lemon Grass",
    "store": "metro",
    "sold_by_weight": { "is": false, "price_per_lb": "", "price_per_kg": "" },
    "sold_individually": { "is": false, "price_per_item": "" },
    "sold_by_package": {
      "is": true,
      "price_per_package": "2.99",
      "units_per_package": "5 to 6 units per package",
      "price_per_100g": ""
    },
    "img_src": "https://product-images.metro.ca/images/h76/h3d/8858837090334.jpg",
    "link": "https://www.metro.ca/en/online-grocery/aisles/fruits-vegetables/fresh-herbs/lemon-grass/p/068567020404"
  },
  {
    "product_name": "Rhubarb",
    "store": "metro",
    "sold_by_weight": { "is": false, "price_per_lb": "", "price_per_kg": "" },
    "sold_individually": { "is": false, "price_per_item": "" },
    "sold_by_package": {
      "is": true,
      "price_per_package": "0.55",
      "units_per_package": "1 bunch",
      "price_per_100g": ""
    },
    "img_src": "https://product-images.metro.ca/images/h6c/hb3/9222190006302.jpg",
    "link": "https://www.metro.ca/en/online-grocery/aisles/fruits-vegetables/vegetables/lettuce-leafy-vegetables/rhubarb/p/033383446257"
  },
  {
    "product_name": "Perfect Bbq Potatoes",
    "store": "metro",
    "sold_by_weight": { "is": false, "price_per_lb": "", "price_per_kg": "" },
    "sold_individually": { "is": false, "price_per_item": "" },
    "sold_by_package": {
      "is": true,
      "price_per_package": "1.00",
      "units_per_package": "4 units per package",
      "price_per_100g": ""
    },
    "img_src": "https://product-images.metro.ca/images/h6e/ha4/9249679179806.jpg",
    "link": "https://www.metro.ca/en/online-grocery/aisles/fruits-vegetables/vegetables/potatoes-carrots-celery/perfect-bbq-potatoes/p/059749918848"
  },
  {
    "product_name": "Yellow Hot Pepper",
    "store": "metro",
    "sold_by_weight": { "is": true, "price_per_lb": "5.99", "price_per_kg": "13.21" },
    "sold_individually": { "is": false, "price_per_item": "" },
    "sold_by_package": {
      "is": false,
      "price_per_package": "",
      "units_per_package": "",
      "price_per_100g": ""
    },
    "img_src": "https://product-images.metro.ca/images/h53/h23/9254265421854.jpg",
    "link": "https://www.metro.ca/en/online-grocery/aisles/fruits-vegetables/vegetables/peppers-zucchini-eggplant/yellow-hot-pepper/p/4678"
  },
  {
    "product_name": "Artichoke",
    "store": "metro",
    "sold_by_weight": { "is": false, "price_per_lb": "", "price_per_kg": "" },
    "sold_individually": { "is": true, "price_per_item": "2.99" },
    "sold_by_package": {
      "is": false,
      "price_per_package": "",
      "units_per_package": "",
      "price_per_100g": ""
    },
    "img_src": "https://product-images.metro.ca/images/h0a/h7a/8837067079710.jpg",
    "link": "https://www.metro.ca/en/online-grocery/aisles/fruits-vegetables/vegetables/asparagus-artichokes/artichoke/p/4084"
  },
  {
    "product_name": "Organic Iceberg Lettuce",
    "store": "metro",
    "sold_by_weight": { "is": false, "price_per_lb": "", "price_per_kg": "" },
    "sold_individually": { "is": true, "price_per_item": "3.49" },
    "sold_by_package": {
      "is": false,
      "price_per_package": "",
      "units_per_package": "",
      "price_per_100g": ""
    },
    "img_src": "https://product-images.metro.ca/images/h0a/h96/8873757900830.jpg",
    "link": "https://www.metro.ca/en/online-grocery/aisles/fruits-vegetables/vegetables/lettuce-leafy-vegetables/organic-iceberg-lettuce/p/94061"
  },
  {
    "product_name": "Baby Bok Choy Junior",
    "store": "metro",
    "sold_by_weight": { "is": false, "price_per_lb": "", "price_per_kg": "" },
    "sold_individually": { "is": false, "price_per_item": "" },
    "sold_by_package": {
      "is": true,
      "price_per_package": "4.99",
      "units_per_package": "227g",
      "price_per_100g": "2.20"
    },
    "img_src": "https://product-images.metro.ca/images/ha2/h0f/10715284537374.jpg",
    "link": "https://www.metro.ca/en/online-grocery/aisles/fruits-vegetables/vegetables/exotic-vegetables/baby-bok-choy-junior/p/068567127851"
  },
  {
    "product_name": "Cocktail Tomatoes",
    "store": "metro",
    "sold_by_weight": { "is": false, "price_per_lb": "", "price_per_kg": "" },
    "sold_individually": { "is": false, "price_per_item": "" },
    "sold_by_package": {
      "is": true,
      "price_per_package": "5.99",
      "units_per_package": "453g",
      "price_per_100g": "1.32"
    },
    "img_src": "https://product-images.metro.ca/images/hef/h55/9234241126430.jpg",
    "link": "https://www.metro.ca/en/online-grocery/aisles/fruits-vegetables/vegetables/tomatoes-cucumber/cocktail-tomatoes/p/826920000353"
  },
  {
    "product_name": "Bag of Radishes",
    "store": "metro",
    "sold_by_weight": { "is": false, "price_per_lb": "", "price_per_kg": "" },
    "sold_individually": { "is": false, "price_per_item": "" },
    "sold_by_package": {
      "is": true,
      "price_per_package": "1.99",
      "units_per_package": "454g",
      "price_per_100g": "0.44"
    },
    "img_src": "https://product-images.metro.ca/images/hb4/ha1/9254265356318.jpg",
    "link": "https://www.metro.ca/en/online-grocery/aisles/fruits-vegetables/vegetables/root-vegetables/bag-of-radishes/p/033383670027"
  },
  {
    "product_name": "Cremini Mushrooms",
    "store": "metro",
    "sold_by_weight": { "is": false, "price_per_lb": "", "price_per_kg": "" },
    "sold_individually": { "is": false, "price_per_item": "" },
    "sold_by_package": {
      "is": true,
      "price_per_package": "2.99",
      "units_per_package": "227g",
      "price_per_100g": "1.32"
    },
    "img_src": "https://product-images.metro.ca/images/h35/h75/10009371181086.jpg",
    "link": "https://www.metro.ca/en/online-grocery/aisles/fruits-vegetables/vegetables/mushrooms/cremini-mushrooms/p/033383450469"
  },
  {
    "product_name": "Red Hothouse Tomatoes",
    "store": "metro",
    "sold_by_weight": { "is": false, "price_per_lb": "", "price_per_kg": "" },
    "sold_individually": { "is": false, "price_per_item": "" },
    "sold_by_package": {
      "is": true,
      "price_per_package": "4.99",
      "units_per_package": "4unitsperpackage",
      "price_per_100g": "1.10"
    },
    "img_src": "https://product-images.metro.ca/images/h82/hc5/9363128778782.jpg",
    "link": "https://www.metro.ca/en/online-grocery/aisles/fruits-vegetables/vegetables/tomatoes-cucumber/red-hothouse-tomatoes/p/033383655765"
  },
  {
    "product_name": "Russet Potatoes",
    "store": "metro",
    "sold_by_weight": { "is": false, "price_per_lb": "", "price_per_kg": "" },
    "sold_individually": { "is": false, "price_per_item": "" },
    "sold_by_package": {
      "is": true,
      "price_per_package": "4.99",
      "units_per_package": "5lb",
      "price_per_100g": "0.22"
    },
    "img_src": "https://product-images.metro.ca/images/h53/h8f/10424155144222.jpg",
    "link": "https://www.metro.ca/en/online-grocery/aisles/fruits-vegetables/vegetables/potatoes-carrots-celery/russet-potatoes/p/033383452753"
  },
  {
    "product_name": "Okra",
    "store": "metro",
    "sold_by_weight": { "is": false, "price_per_lb": "", "price_per_kg": "" },
    "sold_individually": { "is": false, "price_per_item": "" },
    "sold_by_package": {
      "is": true,
      "price_per_package": "5.99",
      "units_per_package": "340g",
      "price_per_100g": "1.76"
    },
    "img_src": "https://product-images.metro.ca/images/hbf/hac/10822774751262.jpg",
    "link": "https://www.metro.ca/en/online-grocery/aisles/fruits-vegetables/vegetables/peas-beans-corn/okra/p/874896005520"
  },
  {
    "product_name": "Organic Mini Cucumbers",
    "store": "metro",
    "sold_by_weight": { "is": false, "price_per_lb": "", "price_per_kg": "" },
    "sold_individually": { "is": false, "price_per_item": "" },
    "sold_by_package": {
      "is": true,
      "price_per_package": "4.99",
      "units_per_package": "340g",
      "price_per_100g": "1.47"
    },
    "img_src": "https://product-images.metro.ca/images/h63/h81/8930441232414.jpg",
    "link": "https://www.metro.ca/en/online-grocery/aisles/fruits-vegetables/vegetables/tomatoes-cucumber/organic-mini-cucumbers/p/057836930001"
  },
  {
    "product_name": "Garlic and Herb Flavoured Potatoes",
    "store": "metro",
    "sold_by_weight": { "is": false, "price_per_lb": "", "price_per_kg": "" },
    "sold_individually": { "is": false, "price_per_item": "" },
    "sold_by_package": {
      "is": true,
      "price_per_package": "4.99",
      "units_per_package": "454g",
      "price_per_100g": "1.10"
    },
    "img_src": "https://product-images.metro.ca/images/h8c/hb5/9316959027230.jpg",
    "link": "https://www.metro.ca/en/online-grocery/aisles/fruits-vegetables/vegetables/potatoes-carrots-celery/garlic-and-herb-flavoured-potatoes/p/629307015816"
  },
  {
    "product_name": "Shanghai Bok Choy",
    "store": "metro",
    "sold_by_weight": { "is": false, "price_per_lb": "", "price_per_kg": "" },
    "sold_individually": { "is": false, "price_per_item": "" },
    "sold_by_package": {
      "is": true,
      "price_per_package": "4.99",
      "units_per_package": "454g",
      "price_per_100g": "1.10"
    },
    "img_src": "https://product-images.metro.ca/images/h67/h25/10715284570142.jpg",
    "link": "https://www.metro.ca/en/online-grocery/aisles/fruits-vegetables/vegetables/exotic-vegetables/shanghai-bok-choy/p/068567127509"
  },
  {
    "product_name": "Pink Tomatoes",
    "store": "metro",
    "sold_by_weight": { "is": false, "price_per_lb": "", "price_per_kg": "" },
    "sold_individually": { "is": false, "price_per_item": "" },
    "sold_by_package": {
      "is": true,
      "price_per_package": "5.99",
      "units_per_package": "454g",
      "price_per_100g": "1.32"
    },
    "img_src": "https://product-images.metro.ca/images/hbf/h4f/8871901560862.jpg",
    "link": "https://www.metro.ca/en/online-grocery/aisles/fruits-vegetables/vegetables/tomatoes-cucumber/pink-tomatoes/p/827101000018"
  },
  {
    "product_name": "Savoury Herb Flavoured Fresh Creamer Potatoes",
    "store": "metro",
    "sold_by_weight": { "is": false, "price_per_lb": "", "price_per_kg": "" },
    "sold_individually": { "is": false, "price_per_item": "" },
    "sold_by_package": {
      "is": true,
      "price_per_package": "4.99",
      "units_per_package": "454g",
      "price_per_100g": "1.10"
    },
    "img_src": "https://product-images.metro.ca/images/h4a/hcc/9316957126686.jpg",
    "link": "https://www.metro.ca/en/online-grocery/aisles/fruits-vegetables/vegetables/potatoes-carrots-celery/savoury-herb-flavoured-fresh-creamer-potatoes/p/629307015014"
  },
  {
    "product_name": "Garlic & Parsley Flavoured Fresh Creamer Potatoes",
    "store": "metro",
    "sold_by_weight": { "is": false, "price_per_lb": "", "price_per_kg": "" },
    "sold_individually": { "is": false, "price_per_item": "" },
    "sold_by_package": {
      "is": true,
      "price_per_package": "4.99",
      "units_per_package": "454g",
      "price_per_100g": "1.10"
    },
    "img_src": "https://product-images.metro.ca/images/hbc/h3f/9478820659230.jpg",
    "link": "https://www.metro.ca/en/online-grocery/aisles/fruits-vegetables/vegetables/potatoes-carrots-celery/garlic-parsley-flavoured-fresh-creamer-potatoes/p/629307015311"
  },
  {
    "product_name": "Carrots with Tops",
    "store": "metro",
    "sold_by_weight": { "is": false, "price_per_lb": "", "price_per_kg": "" },
    "sold_individually": { "is": false, "price_per_item": "" },
    "sold_by_package": {
      "is": true,
      "price_per_package": "1.99",
      "units_per_package": "1 bunch",
      "price_per_100g": ""
    },
    "img_src": "https://product-images.metro.ca/images/h38/h0b/8874235068446.jpg",
    "link": "https://www.metro.ca/en/online-grocery/aisles/fruits-vegetables/vegetables/potatoes-carrots-celery/carrots-with-tops/p/4094"
  },
  {
    "product_name": "Red Tomatoes",
    "store": "metro",
    "sold_by_weight": { "is": false, "price_per_lb": "", "price_per_kg": "" },
    "sold_individually": { "is": false, "price_per_item": "" },
    "sold_by_package": {
      "is": true,
      "price_per_package": "1.25",
      "units_per_package": "4 units per package",
      "price_per_100g": ""
    },
    "img_src": "https://product-images.metro.ca/images/ha6/h80/9660697247774.jpg",
    "link": "https://www.metro.ca/en/online-grocery/aisles/fruits-vegetables/vegetables/tomatoes-cucumber/red-tomatoes/p/811594100126"
  },
  {
    "product_name": "Red Swiss Chard",
    "store": "metro",
    "sold_by_weight": { "is": false, "price_per_lb": "", "price_per_kg": "" },
    "sold_individually": { "is": false, "price_per_item": "" },
    "sold_by_package": {
      "is": true,
      "price_per_package": "2.99",
      "units_per_package": "1 bunch",
      "price_per_100g": ""
    },
    "img_src": "https://product-images.metro.ca/images/h38/h10/8837154701342.jpg",
    "link": "https://www.metro.ca/en/online-grocery/aisles/fruits-vegetables/vegetables/lettuce-leafy-vegetables/red-swiss-chard/p/4587"
  },
  {
    "product_name": "Brussels Sprouts",
    "store": "metro",
    "sold_by_weight": { "is": true, "price_per_lb": "3.99", "price_per_kg": "8.80" },
    "sold_individually": { "is": false, "price_per_item": "" },
    "sold_by_package": {
      "is": false,
      "price_per_package": "",
      "units_per_package": "",
      "price_per_100g": ""
    },
    "img_src": "https://product-images.metro.ca/images/hf2/h32/8832746553374.jpg",
    "link": "https://www.metro.ca/en/online-grocery/aisles/fruits-vegetables/vegetables/broccoli-cauliflower-cabbage/brussels-sprouts/p/4550"
  },
  {
    "product_name": "Long Green Hot Pepper",
    "store": "metro",
    "sold_by_weight": { "is": true, "price_per_lb": "4.99", "price_per_kg": "11.00" },
    "sold_individually": { "is": false, "price_per_item": "" },
    "sold_by_package": {
      "is": false,
      "price_per_package": "",
      "units_per_package": "",
      "price_per_100g": ""
    },
    "img_src": "https://product-images.metro.ca/images/h5c/hc2/8837114527774.jpg",
    "link": "https://www.metro.ca/en/online-grocery/aisles/fruits-vegetables/vegetables/peppers-zucchini-eggplant/long-green-hot-pepper/p/4696"
  },
  {
    "product_name": "Acorn Squash",
    "store": "metro",
    "sold_by_weight": { "is": true, "price_per_lb": "2.49", "price_per_kg": "5.49" },
    "sold_individually": { "is": false, "price_per_item": "" },
    "sold_by_package": {
      "is": false,
      "price_per_package": "",
      "units_per_package": "",
      "price_per_100g": ""
    },
    "img_src": "https://product-images.metro.ca/images/h82/h00/9335871373342.jpg",
    "link": "https://www.metro.ca/en/online-grocery/aisles/fruits-vegetables/vegetables/squash-pumpkin/acorn-squash/p/4750"
  },
  {
    "product_name": "Organic Red Bell Pepper",
    "store": "metro",
    "sold_by_weight": { "is": true, "price_per_lb": "5.99", "price_per_kg": "13.21" },
    "sold_individually": { "is": false, "price_per_item": "" },
    "sold_by_package": {
      "is": false,
      "price_per_package": "",
      "units_per_package": "",
      "price_per_100g": ""
    },
    "img_src": "https://product-images.metro.ca/images/haa/hd7/8871707181086.jpg",
    "link": "https://www.metro.ca/en/online-grocery/aisles/fruits-vegetables/vegetables/peppers-zucchini-eggplant/organic-red-bell-pepper/p/94688"
  },
  {
    "product_name": "Organic Butternut Squash",
    "store": "metro",
    "sold_by_weight": { "is": true, "price_per_lb": "2.99", "price_per_kg": "6.59" },
    "sold_individually": { "is": false, "price_per_item": "" },
    "sold_by_package": {
      "is": false,
      "price_per_package": "",
      "units_per_package": "",
      "price_per_100g": ""
    },
    "img_src": "https://product-images.metro.ca/images/h42/hcc/8833196949534.jpg",
    "link": "https://www.metro.ca/en/online-grocery/aisles/fruits-vegetables/vegetables/squash-pumpkin/organic-butternut-squash/p/94759"
  },
  {
    "product_name": "Yellow Beans",
    "store": "metro",
    "sold_by_weight": { "is": true, "price_per_lb": "2.99", "price_per_kg": "6.59" },
    "sold_individually": { "is": false, "price_per_item": "" },
    "sold_by_package": {
      "is": false,
      "price_per_package": "",
      "units_per_package": "",
      "price_per_100g": ""
    },
    "img_src": "https://product-images.metro.ca/images/h38/h34/8837077237790.jpg",
    "link": "https://www.metro.ca/en/online-grocery/aisles/fruits-vegetables/vegetables/peas-beans-corn/yellow-beans/p/4533"
  },
  {
    "product_name": "Organic Broccoli",
    "store": "metro",
    "sold_by_weight": { "is": false, "price_per_lb": "", "price_per_kg": "" },
    "sold_individually": { "is": true, "price_per_item": "4.49" },
    "sold_by_package": {
      "is": false,
      "price_per_package": "",
      "units_per_package": "",
      "price_per_100g": ""
    },
    "img_src": "https://product-images.metro.ca/images/hd5/hbe/8837159878686.jpg",
    "link": "https://www.metro.ca/en/online-grocery/aisles/fruits-vegetables/vegetables/broccoli-cauliflower-cabbage/organic-broccoli/p/94060"
  },
  {
    "product_name": "Red Leaf Lettuce",
    "store": "metro",
    "sold_by_weight": { "is": false, "price_per_lb": "", "price_per_kg": "" },
    "sold_individually": { "is": true, "price_per_item": "0.88" },
    "sold_by_package": {
      "is": false,
      "price_per_package": "",
      "units_per_package": "",
      "price_per_100g": ""
    },
    "img_src": "https://product-images.metro.ca/images/he7/h4c/9335887921182.jpg",
    "link": "https://www.metro.ca/en/online-grocery/aisles/fruits-vegetables/vegetables/lettuce-leafy-vegetables/red-leaf-lettuce/p/4075"
  },
  {
    "product_name": "Heirloom Tomato",
    "store": "metro",
    "sold_by_weight": { "is": false, "price_per_lb": "", "price_per_kg": "" },
    "sold_individually": { "is": true, "price_per_item": "8.80" },
    "sold_by_package": {
      "is": false,
      "price_per_package": "",
      "units_per_package": "",
      "price_per_100g": ""
    },
    "img_src": "https://product-images.metro.ca/images/hc6/hc6/9335917641758.jpg",
    "link": "https://www.metro.ca/en/online-grocery/aisles/fruits-vegetables/vegetables/tomatoes-cucumber/heirloom-tomato/p/3423"
  },
  {
    "product_name": "Organic English Cucumber",
    "store": "metro",
    "sold_by_weight": { "is": false, "price_per_lb": "", "price_per_kg": "" },
    "sold_individually": { "is": true, "price_per_item": "2.99" },
    "sold_by_package": {
      "is": false,
      "price_per_package": "",
      "units_per_package": "",
      "price_per_100g": ""
    },
    "img_src": "https://product-images.metro.ca/images/hf9/ha9/8889233080350.jpg",
    "link": "https://www.metro.ca/en/online-grocery/aisles/fruits-vegetables/vegetables/tomatoes-cucumber/organic-english-cucumber/p/94593"
  },
  {
    "product_name": "Organic whole white mushrooms",
    "store": "metro",
    "sold_by_weight": { "is": false, "price_per_lb": "", "price_per_kg": "" },
    "sold_individually": { "is": false, "price_per_item": "" },
    "sold_by_package": {
      "is": true,
      "price_per_package": "3.49",
      "units_per_package": "227g",
      "price_per_100g": "1.54"
    },
    "img_src": "https://product-images.metro.ca/images/h00/h42/9194235068446.jpg",
    "link": "https://www.metro.ca/en/online-grocery/aisles/fruits-vegetables/vegetables/mushrooms/organic-whole-white-mushrooms/p/887462000508"
  },
  {
    "product_name": "Organic Baby Spinach",
    "store": "metro",
    "sold_by_weight": { "is": false, "price_per_lb": "", "price_per_kg": "" },
    "sold_individually": { "is": false, "price_per_item": "" },
    "sold_by_package": {
      "is": true,
      "price_per_package": "6.99",
      "units_per_package": "283g",
      "price_per_100g": "2.47"
    },
    "img_src": "https://product-images.metro.ca/images/h46/haf/9316955389982.jpg",
    "link": "https://www.metro.ca/en/online-grocery/aisles/fruits-vegetables/packaged-salads-vegetables/organic-baby-spinach/p/888048100094"
  },
  {
    "product_name": "Sugar Snap Peas",
    "store": "metro",
    "sold_by_weight": { "is": false, "price_per_lb": "", "price_per_kg": "" },
    "sold_individually": { "is": false, "price_per_item": "" },
    "sold_by_package": {
      "is": true,
      "price_per_package": "3.99",
      "units_per_package": "200g",
      "price_per_100g": "2.00"
    },
    "img_src": "https://product-images.metro.ca/images/h47/h4d/8893481320478.jpg",
    "link": "https://www.metro.ca/en/online-grocery/aisles/fruits-vegetables/vegetables/peas-beans-corn/sugar-snap-peas/p/685750000502"
  },
  {
    "product_name": "Arugula",
    "store": "metro",
    "sold_by_weight": { "is": false, "price_per_lb": "", "price_per_kg": "" },
    "sold_individually": { "is": false, "price_per_item": "" },
    "sold_by_package": {
      "is": true,
      "price_per_package": "6.99",
      "units_per_package": "312g",
      "price_per_100g": "2.24"
    },
    "img_src": "https://product-images.metro.ca/images/h8b/hcf/10134564732958.jpg",
    "link": "https://www.metro.ca/en/online-grocery/aisles/fruits-vegetables/vegetables/lettuce-leafy-vegetables/arugula/p/888048000295"
  },
  {
    "product_name": "Sliced and Washed Leeks",
    "store": "metro",
    "sold_by_weight": { "is": false, "price_per_lb": "", "price_per_kg": "" },
    "sold_individually": { "is": false, "price_per_item": "" },
    "sold_by_package": {
      "is": true,
      "price_per_package": "3.99",
      "units_per_package": "2x125g",
      "price_per_100g": "1.60"
    },
    "img_src": "https://product-images.metro.ca/images/hf3/h36/8889269583902.jpg",
    "link": "https://www.metro.ca/en/online-grocery/aisles/fruits-vegetables/vegetables/onions-leeks/sliced-and-washed-leeks/p/661999002507"
  },
  {
    "product_name": "Organic Baby Kale",
    "store": "metro",
    "sold_by_weight": { "is": false, "price_per_lb": "", "price_per_kg": "" },
    "sold_individually": { "is": false, "price_per_item": "" },
    "sold_by_package": {
      "is": true,
      "price_per_package": "4.49",
      "units_per_package": "142g",
      "price_per_100g": "3.16"
    },
    "img_src": "https://product-images.metro.ca/images/h20/hcf/9342869274654.jpg",
    "link": "https://www.metro.ca/en/online-grocery/aisles/fruits-vegetables/packaged-salads-vegetables/organic-baby-kale/p/888048100056"
  },
  {
    "product_name": "Parisian Potatoes",
    "store": "metro",
    "sold_by_weight": { "is": false, "price_per_lb": "", "price_per_kg": "" },
    "sold_individually": { "is": false, "price_per_item": "" },
    "sold_by_package": {
      "is": true,
      "price_per_package": "4.99",
      "units_per_package": "500g",
      "price_per_100g": "1.00"
    },
    "img_src": "https://product-images.metro.ca/images/h34/h7e/8889390432286.jpg",
    "link": "https://www.metro.ca/en/online-grocery/aisles/fruits-vegetables/vegetables/potatoes-carrots-celery/parisian-potatoes/p/628716120012"
  },
  {
    "product_name": "French Green Beans",
    "store": "metro",
    "sold_by_weight": { "is": false, "price_per_lb": "", "price_per_kg": "" },
    "sold_individually": { "is": false, "price_per_item": "" },
    "sold_by_package": {
      "is": true,
      "price_per_package": "4.99",
      "units_per_package": "400g",
      "price_per_100g": "1.25"
    },
    "img_src": "https://product-images.metro.ca/images/hd1/h51/9188568170526.jpg",
    "link": "https://www.metro.ca/en/online-grocery/aisles/fruits-vegetables/vegetables/peas-beans-corn/french-green-beans/p/033383810003"
  },
  {
    "product_name": "Porteenies Mushrooms",
    "store": "metro",
    "sold_by_weight": { "is": false, "price_per_lb": "", "price_per_kg": "" },
    "sold_individually": { "is": false, "price_per_item": "" },
    "sold_by_package": {
      "is": true,
      "price_per_package": "3.99",
      "units_per_package": "170g",
      "price_per_100g": "2.35"
    },
    "img_src": "https://product-images.metro.ca/images/hc8/h84/8858937163806.jpg",
    "link": "https://www.metro.ca/en/online-grocery/aisles/fruits-vegetables/vegetables/mushrooms/porteenies-mushrooms/p/059749868754"
  },
  {
    "product_name": "Beets",
    "store": "metro",
    "sold_by_weight": { "is": false, "price_per_lb": "", "price_per_kg": "" },
    "sold_individually": { "is": false, "price_per_item": "" },
    "sold_by_package": {
      "is": true,
      "price_per_package": "2.99",
      "units_per_package": "1 bunch",
      "price_per_100g": ""
    },
    "img_src": "https://product-images.metro.ca/images/ha1/h72/8873389850654.jpg",
    "link": "https://www.metro.ca/en/online-grocery/aisles/fruits-vegetables/vegetables/root-vegetables/beets/p/4539"
  },
  {
    "product_name": "Butternut Squash",
    "store": "metro",
    "sold_by_weight": { "is": true, "price_per_lb": "2.99", "price_per_kg": "6.59" },
    "sold_individually": { "is": false, "price_per_item": "" },
    "sold_by_package": {
      "is": false,
      "price_per_package": "",
      "units_per_package": "",
      "price_per_100g": ""
    },
    "img_src": "https://product-images.metro.ca/images/h25/h91/8832865140766.jpg",
    "link": "https://www.metro.ca/en/online-grocery/aisles/fruits-vegetables/vegetables/squash-pumpkin/butternut-squash/p/4759"
  },
  {
    "product_name": "Spaghetti Squash",
    "store": "metro",
    "sold_by_weight": { "is": true, "price_per_lb": "2.49", "price_per_kg": "5.49" },
    "sold_individually": { "is": false, "price_per_item": "" },
    "sold_by_package": {
      "is": false,
      "price_per_package": "",
      "units_per_package": "",
      "price_per_100g": ""
    },
    "img_src": "https://product-images.metro.ca/images/h36/hd6/8874266918942.jpg",
    "link": "https://www.metro.ca/en/online-grocery/aisles/fruits-vegetables/vegetables/squash-pumpkin/spaghetti-squash/p/4776"
  },
  {
    "product_name": "Red Cabbage",
    "store": "metro",
    "sold_by_weight": { "is": true, "price_per_lb": "1.99", "price_per_kg": "4.39" },
    "sold_individually": { "is": false, "price_per_item": "" },
    "sold_by_package": {
      "is": false,
      "price_per_package": "",
      "units_per_package": "",
      "price_per_100g": ""
    },
    "img_src": "https://product-images.metro.ca/images/h19/hf5/8832826015774.jpg",
    "link": "https://www.metro.ca/en/online-grocery/aisles/fruits-vegetables/vegetables/broccoli-cauliflower-cabbage/red-cabbage/p/4554"
  },
  {
    "product_name": "Organic Red Cluster Tomatoes",
    "store": "metro",
    "sold_by_weight": { "is": true, "price_per_lb": "3.99", "price_per_kg": "8.80" },
    "sold_individually": { "is": false, "price_per_item": "" },
    "sold_by_package": {
      "is": false,
      "price_per_package": "",
      "units_per_package": "",
      "price_per_100g": ""
    },
    "img_src": "https://product-images.metro.ca/images/h9c/hae/9363122487326.jpg",
    "link": "https://www.metro.ca/en/online-grocery/aisles/fruits-vegetables/vegetables/tomatoes-cucumber/organic-red-cluster-tomatoes/p/94664"
  },
  {
    "product_name": "Heirloom Tomato",
    "store": "metro",
    "sold_by_weight": { "is": true, "price_per_lb": "3.99", "price_per_kg": "8.80" },
    "sold_individually": { "is": false, "price_per_item": "" },
    "sold_by_package": {
      "is": false,
      "price_per_package": "",
      "units_per_package": "",
      "price_per_100g": ""
    },
    "img_src": "https://product-images.metro.ca/images/hc6/hc6/9335917641758.jpg",
    "link": "https://www.metro.ca/en/online-grocery/aisles/fruits-vegetables/vegetables/tomatoes-cucumber/heirloom-tomato/p/3423"
  },
  {
    "product_name": "Celery Root",
    "store": "metro",
    "sold_by_weight": { "is": true, "price_per_lb": "2.99", "price_per_kg": "6.59" },
    "sold_individually": { "is": false, "price_per_item": "" },
    "sold_by_package": {
      "is": false,
      "price_per_package": "",
      "units_per_package": "",
      "price_per_100g": ""
    },
    "img_src": "https://product-images.metro.ca/images/h43/ha6/8872796454942.jpg",
    "link": "https://www.metro.ca/en/online-grocery/aisles/fruits-vegetables/vegetables/root-vegetables/celery-root/p/4585"
  },
  {
    "product_name": "Radicchio",
    "store": "metro",
    "sold_by_weight": { "is": true, "price_per_lb": "4.99", "price_per_kg": "11.00" },
    "sold_individually": { "is": false, "price_per_item": "" },
    "sold_by_package": {
      "is": false,
      "price_per_package": "",
      "units_per_package": "",
      "price_per_100g": ""
    },
    "img_src": "https://product-images.metro.ca/images/h5a/h12/8884954333214.jpg",
    "link": "https://www.metro.ca/en/online-grocery/aisles/fruits-vegetables/vegetables/lettuce-leafy-vegetables/radicchio/p/4738"
  },
  {
    "product_name": "Bok Choy",
    "store": "metro",
    "sold_by_weight": { "is": true, "price_per_lb": "1.99", "price_per_kg": "4.39" },
    "sold_individually": { "is": false, "price_per_item": "" },
    "sold_by_package": {
      "is": false,
      "price_per_package": "",
      "units_per_package": "",
      "price_per_100g": ""
    },
    "img_src": "https://product-images.metro.ca/images/h0c/h21/8835303768094.jpg",
    "link": "https://www.metro.ca/en/online-grocery/aisles/fruits-vegetables/vegetables/exotic-vegetables/bok-choy/p/4545"
  },
  {
    "product_name": "Cubanelle Pepper",
    "store": "metro",
    "sold_by_weight": { "is": true, "price_per_lb": "4.99", "price_per_kg": "11.00" },
    "sold_individually": { "is": false, "price_per_item": "" },
    "sold_by_package": {
      "is": false,
      "price_per_package": "",
      "units_per_package": "",
      "price_per_100g": ""
    },
    "img_src": "https://product-images.metro.ca/images/h9c/he4/8874524049438.jpg",
    "link": "https://www.metro.ca/en/online-grocery/aisles/fruits-vegetables/vegetables/peppers-zucchini-eggplant/cubanelle-pepper/p/4687"
  },
  {
    "product_name": "Nappa Cabbage",
    "store": "metro",
    "sold_by_weight": { "is": true, "price_per_lb": "1.79", "price_per_kg": "3.95" },
    "sold_individually": { "is": false, "price_per_item": "" },
    "sold_by_package": {
      "is": false,
      "price_per_package": "",
      "units_per_package": "",
      "price_per_100g": ""
    },
    "img_src": "https://product-images.metro.ca/images/hcc/hb5/8835293839390.jpg",
    "link": "https://www.metro.ca/en/online-grocery/aisles/fruits-vegetables/vegetables/broccoli-cauliflower-cabbage/nappa-cabbage/p/4552"
  },
  {
    "product_name": "Savoy Cabbage",
    "store": "metro",
    "sold_by_weight": { "is": true, "price_per_lb": "1.99", "price_per_kg": "4.39" },
    "sold_individually": { "is": false, "price_per_item": "" },
    "sold_by_package": {
      "is": false,
      "price_per_package": "",
      "units_per_package": "",
      "price_per_100g": ""
    },
    "img_src": "https://product-images.metro.ca/images/h1d/h7f/8834178744350.jpg",
    "link": "https://www.metro.ca/en/online-grocery/aisles/fruits-vegetables/vegetables/broccoli-cauliflower-cabbage/savoy-cabbage/p/4555"
  },
  {
    "product_name": "Organic Celery",
    "store": "metro",
    "sold_by_weight": { "is": false, "price_per_lb": "", "price_per_kg": "" },
    "sold_individually": { "is": true, "price_per_item": "2.99" },
    "sold_by_package": {
      "is": false,
      "price_per_package": "",
      "units_per_package": "",
      "price_per_100g": ""
    },
    "img_src": "https://product-images.metro.ca/images/h19/h67/8873403285534.jpg",
    "link": "https://www.metro.ca/en/online-grocery/aisles/fruits-vegetables/vegetables/potatoes-carrots-celery/organic-celery/p/94070"
  },
  {
    "product_name": "Romaine Lettuce",
    "store": "metro",
    "sold_by_weight": { "is": false, "price_per_lb": "", "price_per_kg": "" },
    "sold_individually": { "is": true, "price_per_item": "0.88" },
    "sold_by_package": {
      "is": false,
      "price_per_package": "",
      "units_per_package": "",
      "price_per_100g": ""
    },
    "img_src": "https://product-images.metro.ca/images/h20/h1e/8836974346270.jpg",
    "link": "https://www.metro.ca/en/online-grocery/aisles/fruits-vegetables/vegetables/lettuce-leafy-vegetables/romaine-lettuce/p/4640"
  },
  {
    "product_name": "Red Potatoes",
    "store": "metro",
    "sold_by_weight": { "is": false, "price_per_lb": "", "price_per_kg": "" },
    "sold_individually": { "is": false, "price_per_item": "" },
    "sold_by_package": {
      "is": true,
      "price_per_package": "5.99",
      "units_per_package": "5lb",
      "price_per_100g": "0.26"
    },
    "img_src": "https://product-images.metro.ca/images/hce/h0b/8871391690782.jpg",
    "link": "https://www.metro.ca/en/online-grocery/aisles/fruits-vegetables/vegetables/potatoes-carrots-celery/red-potatoes/p/059749911139"
  },
  {
    "product_name": "Washed Yellow Fleshed Potatoes",
    "store": "metro",
    "sold_by_weight": { "is": false, "price_per_lb": "", "price_per_kg": "" },
    "sold_individually": { "is": false, "price_per_item": "" },
    "sold_by_package": {
      "is": true,
      "price_per_package": "5.99",
      "units_per_package": "5lb",
      "price_per_100g": "0.26"
    },
    "img_src": "https://product-images.metro.ca/images/h1c/h09/8933458870302.jpg",
    "link": "https://www.metro.ca/en/online-grocery/aisles/fruits-vegetables/vegetables/potatoes-carrots-celery/washed-yellow-fleshed-potatoes/p/059749911160"
  },
  {
    "product_name": "Organic Spring Mix",
    "store": "metro",
    "sold_by_weight": { "is": false, "price_per_lb": "", "price_per_kg": "" },
    "sold_individually": { "is": false, "price_per_item": "" },
    "sold_by_package": {
      "is": true,
      "price_per_package": "4.49",
      "units_per_package": "142g",
      "price_per_100g": "3.16"
    },
    "img_src": "https://product-images.metro.ca/images/h88/ha5/10143874908190.jpg",
    "link": "https://www.metro.ca/en/online-grocery/aisles/fruits-vegetables/packaged-salads-vegetables/organic-spring-mix/p/888048100025"
  },
  {
    "product_name": "Sweet Angel‚Ñ¢ tomatoes",
    "store": "metro",
    "sold_by_weight": { "is": false, "price_per_lb": "", "price_per_kg": "" },
    "sold_individually": { "is": false, "price_per_item": "" },
    "sold_by_package": {
      "is": true,
      "price_per_package": "4.99",
      "units_per_package": "283g",
      "price_per_100g": "1.76"
    },
    "img_src": "https://product-images.metro.ca/images/ha5/h90/9366579904542.jpg",
    "link": "https://www.metro.ca/en/online-grocery/aisles/fruits-vegetables/vegetables/tomatoes-cucumber/sweet-angel-tomatoes/p/057836655850"
  },
  {
    "product_name": "Greenhouse Bella Tomatoes",
    "store": "metro",
    "sold_by_weight": { "is": false, "price_per_lb": "", "price_per_kg": "" },
    "sold_individually": { "is": false, "price_per_item": "" },
    "sold_by_package": {
      "is": true,
      "price_per_package": "3.49",
      "units_per_package": "250g",
      "price_per_100g": "1.40"
    },
    "img_src": "https://product-images.metro.ca/images/h33/h0d/9961667100702.jpg",
    "link": "https://www.metro.ca/en/online-grocery/aisles/fruits-vegetables/vegetables/tomatoes-cucumber/greenhouse-bella-tomatoes/p/696713020031"
  },
  {
    "product_name": "Washed White Potatoes",
    "store": "metro",
    "sold_by_weight": { "is": false, "price_per_lb": "", "price_per_kg": "" },
    "sold_individually": { "is": false, "price_per_item": "" },
    "sold_by_package": {
      "is": true,
      "price_per_package": "5.99",
      "units_per_package": "5lb",
      "price_per_100g": "0.26"
    },
    "img_src": "https://product-images.metro.ca/images/hdd/h82/10424153374750.jpg",
    "link": "https://www.metro.ca/en/online-grocery/aisles/fruits-vegetables/vegetables/potatoes-carrots-celery/washed-white-potatoes/p/059749911115"
  },
  {
    "product_name": "Bag of Spinach",
    "store": "metro",
    "sold_by_weight": { "is": false, "price_per_lb": "", "price_per_kg": "" },
    "sold_individually": { "is": false, "price_per_item": "" },
    "sold_by_package": {
      "is": true,
      "price_per_package": "2.99",
      "units_per_package": "171g",
      "price_per_100g": "1.75"
    },
    "img_src": "https://product-images.metro.ca/images/hee/hfc/8889267519518.jpg",
    "link": "https://www.metro.ca/en/online-grocery/aisles/fruits-vegetables/vegetables/lettuce-leafy-vegetables/bag-of-spinach/p/059749899536"
  },
  {
    "product_name": "Red Onions",
    "store": "metro",
    "sold_by_weight": { "is": false, "price_per_lb": "", "price_per_kg": "" },
    "sold_individually": { "is": false, "price_per_item": "" },
    "sold_by_package": {
      "is": true,
      "price_per_package": "5.99",
      "units_per_package": "3lb",
      "price_per_100g": "0.44"
    },
    "img_src": "https://product-images.metro.ca/images/h22/h80/10759709261854.jpg",
    "link": "https://www.metro.ca/en/online-grocery/aisles/fruits-vegetables/vegetables/onions-leeks/red-onions/p/033383601021"
  },
  {
    "product_name": "Small Washed Yellow-Fleshed Potatoes",
    "store": "metro",
    "sold_by_weight": { "is": false, "price_per_lb": "", "price_per_kg": "" },
    "sold_individually": { "is": false, "price_per_item": "" },
    "sold_by_package": {
      "is": true,
      "price_per_package": "3.99",
      "units_per_package": "3lb",
      "price_per_100g": "0.29"
    },
    "img_src": "https://product-images.metro.ca/images/h27/hc9/8893484564510.jpg",
    "link": "https://www.metro.ca/en/online-grocery/aisles/fruits-vegetables/vegetables/potatoes-carrots-celery/small-washed-yellow-fleshed-potatoes/p/033383458021"
  },
  {
    "product_name": "Russet Potatoes",
    "store": "metro",
    "sold_by_weight": { "is": false, "price_per_lb": "", "price_per_kg": "" },
    "sold_individually": { "is": false, "price_per_item": "" },
    "sold_by_package": {
      "is": true,
      "price_per_package": "4.99",
      "units_per_package": "5lb",
      "price_per_100g": "0.22"
    },
    "img_src": "https://product-images.metro.ca/images/h17/h18/8991587336222.jpg",
    "link": "https://www.metro.ca/en/online-grocery/aisles/fruits-vegetables/vegetables/potatoes-carrots-celery/russet-potatoes/p/059749911153"
  },
  {
    "product_name": "Baby-Cut Carrots for Cooking",
    "store": "metro",
    "sold_by_weight": { "is": false, "price_per_lb": "", "price_per_kg": "" },
    "sold_individually": { "is": false, "price_per_item": "" },
    "sold_by_package": {
      "is": true,
      "price_per_package": "3.99",
      "units_per_package": "340g",
      "price_per_100g": "1.17"
    },
    "img_src": "https://product-images.metro.ca/images/h37/hc5/8858933493790.jpg",
    "link": "https://www.metro.ca/en/online-grocery/aisles/fruits-vegetables/fresh-cut-fruits-vegetables/baby-cut-carrots-for-cooking/p/071464180959"
  },
  {
    "product_name": "Organic Arugula",
    "store": "metro",
    "sold_by_weight": { "is": false, "price_per_lb": "", "price_per_kg": "" },
    "sold_individually": { "is": false, "price_per_item": "" },
    "sold_by_package": {
      "is": true,
      "price_per_package": "4.49",
      "units_per_package": "142g",
      "price_per_100g": "3.16"
    },
    "img_src": "https://product-images.metro.ca/images/h4f/hbc/10143803932702.jpg",
    "link": "https://www.metro.ca/en/online-grocery/aisles/fruits-vegetables/packaged-salads-vegetables/organic-arugula/p/888048100032"
  },
  {
    "product_name": "Red Potatoes",
    "store": "metro",
    "sold_by_weight": { "is": false, "price_per_lb": "", "price_per_kg": "" },
    "sold_individually": { "is": false, "price_per_item": "" },
    "sold_by_package": {
      "is": true,
      "price_per_package": "3.99",
      "units_per_package": "3lb",
      "price_per_100g": "0.29"
    },
    "img_src": "https://product-images.metro.ca/images/h38/h46/9222206455838.jpg",
    "link": "https://www.metro.ca/en/online-grocery/aisles/fruits-vegetables/vegetables/potatoes-carrots-celery/red-potatoes/p/033383455839"
  },
  {
    "product_name": "Bag of Rutabaga",
    "store": "metro",
    "sold_by_weight": { "is": false, "price_per_lb": "", "price_per_kg": "" },
    "sold_individually": { "is": false, "price_per_item": "" },
    "sold_by_package": {
      "is": true,
      "price_per_package": "3.99",
      "units_per_package": "5lb",
      "price_per_100g": "0.18"
    },
    "img_src": "https://product-images.metro.ca/images/hde/ha8/8889302351902.jpg",
    "link": "https://www.metro.ca/en/online-grocery/aisles/fruits-vegetables/vegetables/root-vegetables/bag-of-rutabaga/p/033383459554"
  },
  {
    "product_name": "Bag of Beets",
    "store": "metro",
    "sold_by_weight": { "is": false, "price_per_lb": "", "price_per_kg": "" },
    "sold_individually": { "is": false, "price_per_item": "" },
    "sold_by_package": {
      "is": true,
      "price_per_package": "3.99",
      "units_per_package": "5lb",
      "price_per_100g": "0.18"
    },
    "img_src": "https://product-images.metro.ca/images/h54/h1b/8889377259550.jpg",
    "link": "https://www.metro.ca/en/online-grocery/aisles/fruits-vegetables/vegetables/root-vegetables/bag-of-beets/p/033383449838"
  },
  {
    "product_name": "Organic Angel Sweet Tomatoes",
    "store": "metro",
    "sold_by_weight": { "is": false, "price_per_lb": "", "price_per_kg": "" },
    "sold_individually": { "is": false, "price_per_item": "" },
    "sold_by_package": {
      "is": true,
      "price_per_package": "5.99",
      "units_per_package": "283g",
      "price_per_100g": "2.12"
    },
    "img_src": "https://product-images.metro.ca/images/h1b/h7e/9363145293854.jpg",
    "link": "https://www.metro.ca/en/online-grocery/aisles/organic-groceries/fruits-vegetables/organic-vegetables/organic-angel-sweet-tomatoes/p/057836900165"
  },
  {
    "product_name": "Rapini",
    "store": "metro",
    "sold_by_weight": { "is": false, "price_per_lb": "", "price_per_kg": "" },
    "sold_individually": { "is": false, "price_per_item": "" },
    "sold_by_package": {
      "is": true,
      "price_per_package": "4.99",
      "units_per_package": "1 bunch",
      "price_per_100g": ""
    },
    "img_src": "https://product-images.metro.ca/images/h74/hf2/9335873339422.jpg",
    "link": "https://www.metro.ca/en/online-grocery/aisles/fruits-vegetables/vegetables/broccoli-cauliflower-cabbage/rapini/p/4547"
  },
  {
    "product_name": "Washed Small White Potatoes",
    "store": "metro",
    "sold_by_weight": { "is": false, "price_per_lb": "", "price_per_kg": "" },
    "sold_individually": { "is": false, "price_per_item": "" },
    "sold_by_package": {
      "is": true,
      "price_per_package": "3.99",
      "units_per_package": "3 lb",
      "price_per_100g": ""
    },
    "img_src": "https://product-images.metro.ca/images/h49/hf0/8906529472542.jpg",
    "link": "https://www.metro.ca/en/online-grocery/aisles/fruits-vegetables/vegetables/potatoes-carrots-celery/washed-small-white-potatoes/p/033383455075"
  },
  {
    "product_name": "Hothouse Living Boston Lettuce in a Dome",
    "store": "metro",
    "sold_by_weight": { "is": false, "price_per_lb": "", "price_per_kg": "" },
    "sold_individually": { "is": false, "price_per_item": "" },
    "sold_by_package": {
      "is": true,
      "price_per_package": "3.69",
      "units_per_package": "",
      "price_per_100g": ""
    },
    "img_src": "https://product-images.metro.ca/images/h77/he2/10250241081374.jpg",
    "link": "https://www.metro.ca/en/online-grocery/aisles/fruits-vegetables/vegetables/lettuce-leafy-vegetables/hothouse-living-boston-lettuce-in-a-dome/p/895787000103"
  },
  {
    "product_name": "Hothouse Pink Tomato",
    "store": "metro",
    "sold_by_weight": { "is": true, "price_per_lb": "3.99", "price_per_kg": "8.80" },
    "sold_individually": { "is": false, "price_per_item": "" },
    "sold_by_package": {
      "is": false,
      "price_per_package": "",
      "units_per_package": "",
      "price_per_100g": ""
    },
    "img_src": "https://product-images.metro.ca/images/ha3/h8e/9363113082910.jpg",
    "link": "https://www.metro.ca/en/online-grocery/aisles/fruits-vegetables/vegetables/tomatoes-cucumber/hothouse-pink-tomato/p/4807"
  },
  {
    "product_name": "Jalape√±o Pepper",
    "store": "metro",
    "sold_by_weight": { "is": true, "price_per_lb": "4.99", "price_per_kg": "11.00" },
    "sold_individually": { "is": false, "price_per_item": "" },
    "sold_by_package": {
      "is": false,
      "price_per_package": "",
      "units_per_package": "",
      "price_per_100g": ""
    },
    "img_src": "https://product-images.metro.ca/images/h74/hae/8835311206430.jpg",
    "link": "https://www.metro.ca/en/online-grocery/aisles/fruits-vegetables/vegetables/peppers-zucchini-eggplant/jalapeno-pepper/p/4693"
  },
  {
    "product_name": "Russet Potato",
    "store": "metro",
    "sold_by_weight": { "is": true, "price_per_lb": "1.69", "price_per_kg": "3.73" },
    "sold_individually": { "is": false, "price_per_item": "" },
    "sold_by_package": {
      "is": false,
      "price_per_package": "",
      "units_per_package": "",
      "price_per_100g": ""
    },
    "img_src": "https://product-images.metro.ca/images/hdb/h3b/8878638039070.jpg",
    "link": "https://www.metro.ca/en/online-grocery/aisles/fruits-vegetables/vegetables/potatoes-carrots-celery/russet-potato/p/4072"
  },
  {
    "product_name": "Cauliflower",
    "store": "metro",
    "sold_by_weight": { "is": false, "price_per_lb": "", "price_per_kg": "" },
    "sold_individually": { "is": true, "price_per_item": "2.99" },
    "sold_by_package": {
      "is": false,
      "price_per_package": "",
      "units_per_package": "",
      "price_per_100g": ""
    },
    "img_src": "https://product-images.metro.ca/images/h35/ha0/8897128824862.jpg",
    "link": "https://www.metro.ca/en/online-grocery/aisles/fruits-vegetables/vegetables/broccoli-cauliflower-cabbage/cauliflower/p/4079"
  },
  {
    "product_name": "Cucumber",
    "store": "metro",
    "sold_by_weight": { "is": false, "price_per_lb": "", "price_per_kg": "" },
    "sold_individually": { "is": true, "price_per_item": "0.99" },
    "sold_by_package": {
      "is": false,
      "price_per_package": "",
      "units_per_package": "",
      "price_per_100g": ""
    },
    "img_src": "https://product-images.metro.ca/images/hd0/hbf/8837091917854.jpg",
    "link": "https://www.metro.ca/en/online-grocery/aisles/fruits-vegetables/vegetables/tomatoes-cucumber/cucumber/p/4062"
  },
  {
    "product_name": "Local Celery",
    "store": "metro",
    "sold_by_weight": { "is": false, "price_per_lb": "", "price_per_kg": "" },
    "sold_individually": { "is": true, "price_per_item": "2.49" },
    "sold_by_package": {
      "is": false,
      "price_per_package": "",
      "units_per_package": "",
      "price_per_100g": ""
    },
    "img_src": "https://product-images.metro.ca/images/he0/hba/8837231443998.jpg",
    "link": "https://www.metro.ca/en/online-grocery/aisles/fruits-vegetables/vegetables/potatoes-carrots-celery/local-celery/p/4582"
  },
  {
    "product_name": "Green Leaf Lettuce",
    "store": "metro",
    "sold_by_weight": { "is": false, "price_per_lb": "", "price_per_kg": "" },
    "sold_individually": { "is": true, "price_per_item": "0.88" },
    "sold_by_package": {
      "is": false,
      "price_per_package": "",
      "units_per_package": "",
      "price_per_100g": ""
    },
    "img_src": "https://product-images.metro.ca/images/hec/hd1/8837224562718.jpg",
    "link": "https://www.metro.ca/en/online-grocery/aisles/fruits-vegetables/vegetables/lettuce-leafy-vegetables/green-leaf-lettuce/p/4076"
  },
  {
    "product_name": "Local Iceberg Lettuce",
    "store": "metro",
    "sold_by_weight": { "is": false, "price_per_lb": "", "price_per_kg": "" },
    "sold_individually": { "is": true, "price_per_item": "2.49" },
    "sold_by_package": {
      "is": false,
      "price_per_package": "",
      "units_per_package": "",
      "price_per_100g": ""
    },
    "img_src": "https://product-images.metro.ca/images/h1c/h75/8871772323870.jpg",
    "link": "https://www.metro.ca/en/online-grocery/aisles/fruits-vegetables/vegetables/lettuce-leafy-vegetables/local-iceberg-lettuce/p/4634"
  },
  {
    "product_name": "Baby Spinach",
    "store": "metro",
    "sold_by_weight": { "is": false, "price_per_lb": "", "price_per_kg": "" },
    "sold_individually": { "is": false, "price_per_item": "" },
    "sold_by_package": {
      "is": true,
      "price_per_package": "3.99",
      "units_per_package": "142g",
      "price_per_100g": "2.81"
    },
    "img_src": "https://product-images.metro.ca/images/h83/h9f/9363111313438.jpg",
    "link": "https://www.metro.ca/en/online-grocery/aisles/fruits-vegetables/packaged-salads-vegetables/baby-spinach/p/888048000042"
  },
  {
    "product_name": "Grape Tomatoes",
    "store": "metro",
    "sold_by_weight": { "is": false, "price_per_lb": "", "price_per_kg": "" },
    "sold_individually": { "is": false, "price_per_item": "" },
    "sold_by_package": {
      "is": true,
      "price_per_package": "3.49",
      "units_per_package": "227g",
      "price_per_100g": "1.54"
    },
    "img_src": "https://product-images.metro.ca/images/hee/hac/10009373442078.jpg",
    "link": "https://www.metro.ca/en/online-grocery/aisles/fruits-vegetables/vegetables/tomatoes-cucumber/grape-tomatoes/p/033383655857"
  },
  {
    "product_name": "Baby Spinach",
    "store": "metro",
    "sold_by_weight": { "is": false, "price_per_lb": "", "price_per_kg": "" },
    "sold_individually": { "is": false, "price_per_item": "" },
    "sold_by_package": {
      "is": true,
      "price_per_package": "6.99",
      "units_per_package": "312g",
      "price_per_100g": "2.24"
    },
    "img_src": "https://product-images.metro.ca/images/h87/h85/10300079702046.jpg",
    "link": "https://www.metro.ca/en/online-grocery/aisles/fruits-vegetables/packaged-salads-vegetables/baby-spinach/p/888048000288"
  },
  {
    "product_name": "Boomer Gold Yellow Creamer Potatoes",
    "store": "metro",
    "sold_by_weight": { "is": false, "price_per_lb": "", "price_per_kg": "" },
    "sold_individually": { "is": false, "price_per_item": "" },
    "sold_by_package": {
      "is": true,
      "price_per_package": "5.99",
      "units_per_package": "680g",
      "price_per_100g": "0.88"
    },
    "img_src": "https://product-images.metro.ca/images/h9e/h05/9635554918430.jpg",
    "link": "https://www.metro.ca/en/online-grocery/aisles/fruits-vegetables/vegetables/potatoes-carrots-celery/boomer-gold-yellow-creamer-potatoes/p/629307123313"
  },
  {
    "product_name": "Fresh Creamer Potatoes, Terrific Trio",
    "store": "metro",
    "sold_by_weight": { "is": false, "price_per_lb": "", "price_per_kg": "" },
    "sold_individually": { "is": false, "price_per_item": "" },
    "sold_by_package": {
      "is": true,
      "price_per_package": "5.99",
      "units_per_package": "680g",
      "price_per_100g": "0.88"
    },
    "img_src": "https://product-images.metro.ca/images/h7d/ha6/9635545546782.jpg",
    "link": "https://www.metro.ca/en/online-grocery/aisles/fruits-vegetables/vegetables/potatoes-carrots-celery/fresh-creamer-potatoes/p/629307122019"
  },
  {
    "product_name": "Blushing Belle Red Creamer Potatoes",
    "store": "metro",
    "sold_by_weight": { "is": false, "price_per_lb": "", "price_per_kg": "" },
    "sold_individually": { "is": false, "price_per_item": "" },
    "sold_by_package": {
      "is": true,
      "price_per_package": "5.99",
      "units_per_package": "680g",
      "price_per_100g": "0.88"
    },
    "img_src": "https://product-images.metro.ca/images/h20/h93/9635545776158.jpg",
    "link": "https://www.metro.ca/en/online-grocery/aisles/fruits-vegetables/vegetables/potatoes-carrots-celery/blushing-belle-red-creamer-potatoes/p/629307121913"
  },
  {
    "product_name": "Sliced White Mushrooms",
    "store": "metro",
    "sold_by_weight": { "is": false, "price_per_lb": "", "price_per_kg": "" },
    "sold_individually": { "is": false, "price_per_item": "" },
    "sold_by_package": {
      "is": true,
      "price_per_package": "2.99",
      "units_per_package": "227g",
      "price_per_100g": "1.32"
    },
    "img_src": "https://product-images.metro.ca/images/hb6/hf7/8858842136606.jpg",
    "link": "https://www.metro.ca/en/online-grocery/aisles/fruits-vegetables/vegetables/mushrooms/sliced-white-mushrooms/p/059749868723"
  },
  {
    "product_name": "Organic Baby Spinach",
    "store": "metro",
    "sold_by_weight": { "is": false, "price_per_lb": "", "price_per_kg": "" },
    "sold_individually": { "is": false, "price_per_item": "" },
    "sold_by_package": {
      "is": true,
      "price_per_package": "4.49",
      "units_per_package": "142g",
      "price_per_100g": "3.16"
    },
    "img_src": "https://product-images.metro.ca/images/h6a/h5b/10143805505566.jpg",
    "link": "https://www.metro.ca/en/online-grocery/aisles/fruits-vegetables/packaged-salads-vegetables/organic-baby-spinach/p/888048100018"
  },
  {
    "product_name": "Hydroponic Boston Lettuce Duo",
    "store": "metro",
    "sold_by_weight": { "is": false, "price_per_lb": "", "price_per_kg": "" },
    "sold_individually": { "is": false, "price_per_item": "" },
    "sold_by_package": {
      "is": true,
      "price_per_package": "4.49",
      "units_per_package": "2 un",
      "price_per_100g": ""
    },
    "img_src": "https://product-images.metro.ca/images/hac/h07/10250265755678.jpg",
    "link": "https://www.metro.ca/en/online-grocery/aisles/fruits-vegetables/packaged-salads-vegetables/hydroponic-boston-lettuce-duo/p/895787000196"
  },
  {
    "product_name": "Radish",
    "store": "metro",
    "sold_by_weight": { "is": false, "price_per_lb": "", "price_per_kg": "" },
    "sold_individually": { "is": false, "price_per_item": "" },
    "sold_by_package": {
      "is": true,
      "price_per_package": "0.99",
      "units_per_package": "1 bunch",
      "price_per_100g": ""
    },
    "img_src": "https://product-images.metro.ca/images/h9b/hf0/8874231463966.jpg",
    "link": "https://www.metro.ca/en/online-grocery/aisles/fruits-vegetables/vegetables/root-vegetables/radish/p/4089"
  },
  {
    "product_name": "Green Kale",
    "store": "metro",
    "sold_by_weight": { "is": false, "price_per_lb": "", "price_per_kg": "" },
    "sold_individually": { "is": false, "price_per_item": "" },
    "sold_by_package": {
      "is": true,
      "price_per_package": "2.50",
      "units_per_package": "1 bunch",
      "price_per_100g": ""
    },
    "img_src": "https://product-images.metro.ca/images/ha0/h5e/8873634562078.jpg",
    "link": "https://www.metro.ca/en/online-grocery/aisles/fruits-vegetables/vegetables/broccoli-cauliflower-cabbage/green-kale/p/4627"
  },
  {
    "product_name": "Red Onion",
    "store": "metro",
    "sold_by_weight": { "is": true, "price_per_lb": "3.49", "price_per_kg": "7.69" },
    "sold_individually": { "is": false, "price_per_item": "" },
    "sold_by_package": {
      "is": false,
      "price_per_package": "",
      "units_per_package": "",
      "price_per_100g": ""
    },
    "img_src": "https://product-images.metro.ca/images/h5d/h52/8833148059678.jpg",
    "link": "https://www.metro.ca/en/online-grocery/aisles/fruits-vegetables/vegetables/onions-leeks/red-onion/p/4082"
  },
  {
    "product_name": "Zucchini",
    "store": "metro",
    "sold_by_weight": { "is": true, "price_per_lb": "2.49", "price_per_kg": "5.49" },
    "sold_individually": { "is": false, "price_per_item": "" },
    "sold_by_package": {
      "is": false,
      "price_per_package": "",
      "units_per_package": "",
      "price_per_100g": ""
    },
    "img_src": "https://product-images.metro.ca/images/h1f/hc7/8832944898078.jpg",
    "link": "https://www.metro.ca/en/online-grocery/aisles/fruits-vegetables/vegetables/peppers-zucchini-eggplant/zucchini/p/4067"
  },
  {
    "product_name": "Hothouse Red Tomato",
    "store": "metro",
    "sold_by_weight": { "is": true, "price_per_lb": "2.99", "price_per_kg": "6.59" },
    "sold_individually": { "is": false, "price_per_item": "" },
    "sold_by_package": {
      "is": false,
      "price_per_package": "",
      "units_per_package": "",
      "price_per_100g": ""
    },
    "img_src": "https://product-images.metro.ca/images/h75/h9c/9662940053534.jpg",
    "link": "https://www.metro.ca/en/online-grocery/aisles/fruits-vegetables/vegetables/tomatoes-cucumber/hothouse-red-tomato/p/4831"
  },
  {
    "product_name": "Hothouse Yellow Pepper",
    "store": "metro",
    "sold_by_weight": { "is": true, "price_per_lb": "5.99", "price_per_kg": "13.21" },
    "sold_individually": { "is": false, "price_per_item": "" },
    "sold_by_package": {
      "is": false,
      "price_per_package": "",
      "units_per_package": "",
      "price_per_100g": ""
    },
    "img_src": "https://product-images.metro.ca/images/h37/hc4/8834359427102.jpg",
    "link": "https://www.metro.ca/en/online-grocery/aisles/fruits-vegetables/vegetables/peppers-zucchini-eggplant/hothouse-yellow-pepper/p/4689"
  },
  {
    "product_name": "Green Cabbage",
    "store": "metro",
    "sold_by_weight": { "is": true, "price_per_lb": "0.99", "price_per_kg": "2.18" },
    "sold_individually": { "is": false, "price_per_item": "" },
    "sold_by_package": {
      "is": false,
      "price_per_package": "",
      "units_per_package": "",
      "price_per_100g": ""
    },
    "img_src": "https://product-images.metro.ca/images/h4d/hec/8867946004510.jpg",
    "link": "https://www.metro.ca/en/online-grocery/aisles/fruits-vegetables/vegetables/broccoli-cauliflower-cabbage/green-cabbage/p/4069"
  },
  {
    "product_name": "Garlic",
    "store": "metro",
    "sold_by_weight": { "is": true, "price_per_lb": "5.99", "price_per_kg": "13.21" },
    "sold_individually": { "is": false, "price_per_item": "" },
    "sold_by_package": {
      "is": false,
      "price_per_package": "",
      "units_per_package": "",
      "price_per_100g": ""
    },
    "img_src": "https://product-images.metro.ca/images/h06/h11/8833746599966.jpg",
    "link": "https://www.metro.ca/en/online-grocery/aisles/fruits-vegetables/vegetables/ginger-garlic-shallots/garlic/p/4608"
  },
  {
    "product_name": "Spanish Onion",
    "store": "metro",
    "sold_by_weight": { "is": true, "price_per_lb": "2.99", "price_per_kg": "6.59" },
    "sold_individually": { "is": false, "price_per_item": "" },
    "sold_by_package": {
      "is": false,
      "price_per_package": "",
      "units_per_package": "",
      "price_per_100g": ""
    },
    "img_src": "https://product-images.metro.ca/images/h49/h6a/8835311075358.jpg",
    "link": "https://www.metro.ca/en/online-grocery/aisles/fruits-vegetables/vegetables/onions-leeks/spanish-onion/p/4093"
  },
  {
    "product_name": "White Onion",
    "store": "metro",
    "sold_by_weight": { "is": true, "price_per_lb": "2.99", "price_per_kg": "6.59" },
    "sold_individually": { "is": false, "price_per_item": "" },
    "sold_by_package": {
      "is": false,
      "price_per_package": "",
      "units_per_package": "",
      "price_per_100g": ""
    },
    "img_src": "https://product-images.metro.ca/images/h7f/hab/8874212982814.jpg",
    "link": "https://www.metro.ca/en/online-grocery/aisles/fruits-vegetables/vegetables/onions-leeks/white-onion/p/4663"
  },
  {
    "product_name": "English Cucumber",
    "store": "metro",
    "sold_by_weight": { "is": false, "price_per_lb": "", "price_per_kg": "" },
    "sold_individually": { "is": true, "price_per_item": "1.99" },
    "sold_by_package": {
      "is": false,
      "price_per_package": "",
      "units_per_package": "",
      "price_per_100g": ""
    },
    "img_src": "https://product-images.metro.ca/images/hc5/h7d/8874246078494.jpg",
    "link": "https://www.metro.ca/en/online-grocery/aisles/fruits-vegetables/vegetables/tomatoes-cucumber/english-cucumber/p/4593"
  },
  {
    "product_name": "Broccoli",
    "store": "metro",
    "sold_by_weight": { "is": false, "price_per_lb": "", "price_per_kg": "" },
    "sold_individually": { "is": true, "price_per_item": "3.99" },
    "sold_by_package": {
      "is": false,
      "price_per_package": "",
      "units_per_package": "",
      "price_per_100g": ""
    },
    "img_src": "https://product-images.metro.ca/images/haf/h68/8837122457630.jpg",
    "link": "https://www.metro.ca/en/online-grocery/aisles/fruits-vegetables/vegetables/broccoli-cauliflower-cabbage/broccoli/p/4060"
  },
  {
    "product_name": "White Mushrooms",
    "store": "metro",
    "sold_by_weight": { "is": false, "price_per_lb": "", "price_per_kg": "" },
    "sold_individually": { "is": false, "price_per_item": "" },
    "sold_by_package": {
      "is": true,
      "price_per_package": "2.99",
      "units_per_package": "227g",
      "price_per_100g": "1.32"
    },
    "img_src": "https://product-images.metro.ca/images/h7d/h1d/8867485253662.jpg",
    "link": "https://www.metro.ca/en/online-grocery/aisles/fruits-vegetables/vegetables/mushrooms/white-mushrooms/p/059749868709"
  },
  {
    "product_name": "Yellow Onions",
    "store": "metro",
    "sold_by_weight": { "is": false, "price_per_lb": "", "price_per_kg": "" },
    "sold_individually": { "is": false, "price_per_item": "" },
    "sold_by_package": {
      "is": true,
      "price_per_package": "2.99",
      "units_per_package": "2lb",
      "price_per_100g": "0.33"
    },
    "img_src": "https://product-images.metro.ca/images/h3c/h86/8858906361886.jpg",
    "link": "https://www.metro.ca/en/online-grocery/aisles/fruits-vegetables/vegetables/onions-leeks/yellow-onions/p/059749900133"
  },
  {
    "product_name": "Portabella Mushroom Caps",
    "store": "metro",
    "sold_by_weight": { "is": false, "price_per_lb": "", "price_per_kg": "" },
    "sold_individually": { "is": false, "price_per_item": "" },
    "sold_by_package": {
      "is": true,
      "price_per_package": "5.99",
      "units_per_package": "340g",
      "price_per_100g": "1.76"
    },
    "img_src": "https://product-images.metro.ca/images/ha9/hc9/9032565784606.jpg",
    "link": "https://www.metro.ca/en/online-grocery/aisles/fruits-vegetables/vegetables/mushrooms/portabella-mushroom-caps/p/084348710128"
  },
  {
    "product_name": "Sweet Nantes Carrots",
    "store": "metro",
    "sold_by_weight": { "is": false, "price_per_lb": "", "price_per_kg": "" },
    "sold_individually": { "is": false, "price_per_item": "" },
    "sold_by_package": {
      "is": true,
      "price_per_package": "3.49",
      "units_per_package": "454g",
      "price_per_100g": "0.77"
    },
    "img_src": "https://product-images.metro.ca/images/ha1/hd8/9906498994206.jpg",
    "link": "https://www.metro.ca/en/online-grocery/aisles/fruits-vegetables/vegetables/potatoes-carrots-celery/sweet-nantes-carrots/p/059749926072"
  },
  {
    "product_name": "Yellow Onions",
    "store": "metro",
    "sold_by_weight": { "is": false, "price_per_lb": "", "price_per_kg": "" },
    "sold_individually": { "is": false, "price_per_item": "" },
    "sold_by_package": {
      "is": true,
      "price_per_package": "4.99",
      "units_per_package": "5lb",
      "price_per_100g": "0.22"
    },
    "img_src": "https://product-images.metro.ca/images/h4f/h3a/8871950254110.jpg",
    "link": "https://www.metro.ca/en/online-grocery/aisles/fruits-vegetables/vegetables/onions-leeks/yellow-onions/p/059749900157"
  },
  {
    "product_name": "Asparagus",
    "store": "metro",
    "sold_by_weight": { "is": false, "price_per_lb": "", "price_per_kg": "" },
    "sold_individually": { "is": false, "price_per_item": "" },
    "sold_by_package": {
      "is": true,
      "price_per_package": "5.99",
      "units_per_package": "325g",
      "price_per_100g": "1.84"
    },
    "img_src": "https://product-images.metro.ca/images/h85/hf9/8858945749022.jpg",
    "link": "https://www.metro.ca/en/online-grocery/aisles/fruits-vegetables/vegetables/asparagus-artichokes/asparagus/p/033383702933"
  },
  {
    "product_name": "Baby-Cut Carrots",
    "store": "metro",
    "sold_by_weight": { "is": false, "price_per_lb": "", "price_per_kg": "" },
    "sold_individually": { "is": false, "price_per_item": "" },
    "sold_by_package": {
      "is": true,
      "price_per_package": "1.99",
      "units_per_package": "340g",
      "price_per_100g": "0.59"
    },
    "img_src": "https://product-images.metro.ca/images/h3a/h0c/8871630307358.jpg",
    "link": "https://www.metro.ca/en/online-grocery/aisles/fruits-vegetables/vegetables/potatoes-carrots-celery/baby-cut-carrots/p/033383666006"
  },
  {
    "product_name": "Assorted Sweet Peppers",
    "store": "metro",
    "sold_by_weight": { "is": false, "price_per_lb": "", "price_per_kg": "" },
    "sold_individually": { "is": false, "price_per_item": "" },
    "sold_by_package": {
      "is": true,
      "price_per_package": "1.75",
      "units_per_package": "4 un",
      "price_per_100g": ""
    },
    "img_src": "https://product-images.metro.ca/images/h3f/hee/9032512241694.jpg",
    "link": "https://www.metro.ca/en/online-grocery/aisles/fruits-vegetables/vegetables/peppers-zucchini-eggplant/assorted-sweet-peppers/p/853189000022"
  },
  {
    "product_name": "Mini Cucumbers",
    "store": "metro",
    "sold_by_weight": { "is": false, "price_per_lb": "", "price_per_kg": "" },
    "sold_individually": { "is": false, "price_per_item": "" },
    "sold_by_package": {
      "is": true,
      "price_per_package": "1.99",
      "units_per_package": "397 g",
      "price_per_100g": ""
    },
    "img_src": "https://product-images.metro.ca/images/hc3/hff/9316949852190.jpg",
    "link": "https://www.metro.ca/en/online-grocery/aisles/fruits-vegetables/vegetables/tomatoes-cucumber/mini-cucumbers/p/059749879903"
  },
  {
    "product_name": "Green Onions",
    "store": "metro",
    "sold_by_weight": { "is": false, "price_per_lb": "", "price_per_kg": "" },
    "sold_individually": { "is": false, "price_per_item": "" },
    "sold_by_package": {
      "is": true,
      "price_per_package": "0.99",
      "units_per_package": "1 bunch",
      "price_per_100g": ""
    },
    "img_src": "https://product-images.metro.ca/images/hbc/h47/8837318475806.jpg",
    "link": "https://www.metro.ca/en/online-grocery/aisles/fruits-vegetables/vegetables/onions-leeks/green-onions/p/4068"
  },
  {
    "product_name": "Fresh Ginger",
    "store": "metro",
    "sold_by_weight": { "is": true, "price_per_lb": "2.99", "price_per_kg": "6.59" },
    "sold_individually": { "is": false, "price_per_item": "" },
    "sold_by_package": {
      "is": false,
      "price_per_package": "",
      "units_per_package": "",
      "price_per_100g": ""
    },
    "img_src": "https://product-images.metro.ca/images/hca/h2b/8832755728414.jpg",
    "link": "https://www.metro.ca/en/online-grocery/aisles/fruits-vegetables/vegetables/ginger-garlic-shallots/fresh-ginger/p/4612"
  },
  {
    "product_name": "Red Cluster Tomatoes",
    "store": "metro",
    "sold_by_weight": { "is": true, "price_per_lb": "4.99", "price_per_kg": "11.00" },
    "sold_individually": { "is": false, "price_per_item": "" },
    "sold_by_package": {
      "is": false,
      "price_per_package": "",
      "units_per_package": "",
      "price_per_100g": ""
    },
    "img_src": "https://product-images.metro.ca/images/hab/hfb/9276941434910.jpg",
    "link": "https://www.metro.ca/en/online-grocery/aisles/fruits-vegetables/vegetables/tomatoes-cucumber/red-cluster-tomatoes/p/4664"
  },
  {
    "product_name": "Hothouse Red Pepper",
    "store": "metro",
    "sold_by_weight": { "is": true, "price_per_lb": "5.99", "price_per_kg": "13.21" },
    "sold_individually": { "is": false, "price_per_item": "" },
    "sold_by_package": {
      "is": false,
      "price_per_package": "",
      "units_per_package": "",
      "price_per_100g": ""
    },
    "img_src": "https://product-images.metro.ca/images/h54/h9d/8832753172510.jpg",
    "link": "https://www.metro.ca/en/online-grocery/aisles/fruits-vegetables/vegetables/peppers-zucchini-eggplant/hothouse-red-pepper/p/4688"
  },
  {
    "product_name": "Hothouse Red Tomato",
    "store": "metro",
    "sold_by_weight": { "is": true, "price_per_lb": "3.99", "price_per_kg": "8.80" },
    "sold_individually": { "is": false, "price_per_item": "" },
    "sold_by_package": {
      "is": false,
      "price_per_package": "",
      "units_per_package": "",
      "price_per_100g": ""
    },
    "img_src": "https://product-images.metro.ca/images/h2c/h38/9660685484062.jpg",
    "link": "https://www.metro.ca/en/online-grocery/aisles/fruits-vegetables/vegetables/tomatoes-cucumber/hothouse-red-tomato/p/4799"
  },
  {
    "product_name": "Sweet Potato",
    "store": "metro",
    "sold_by_weight": { "is": true, "price_per_lb": "1.99", "price_per_kg": "4.39" },
    "sold_individually": { "is": false, "price_per_item": "" },
    "sold_by_package": {
      "is": false,
      "price_per_package": "",
      "units_per_package": "",
      "price_per_100g": ""
    },
    "img_src": "https://product-images.metro.ca/images/h93/h90/8874212753438.jpg",
    "link": "https://www.metro.ca/en/online-grocery/aisles/fruits-vegetables/vegetables/potatoes-carrots-celery/sweet-potato/p/4816"
  },
  {
    "product_name": "Italian Tomato",
    "store": "metro",
    "sold_by_weight": { "is": true, "price_per_lb": "2.99", "price_per_kg": "6.59" },
    "sold_individually": { "is": false, "price_per_item": "" },
    "sold_by_package": {
      "is": false,
      "price_per_package": "",
      "units_per_package": "",
      "price_per_100g": ""
    },
    "img_src": "https://product-images.metro.ca/images/h4a/h5d/9363113115678.jpg",
    "link": "https://www.metro.ca/en/online-grocery/aisles/fruits-vegetables/vegetables/tomatoes-cucumber/italian-tomato/p/4087"
  },
  {
    "product_name": "Local Red Cluster Tomatoes",
    "store": "metro",
    "sold_by_weight": { "is": true, "price_per_lb": "4.99", "price_per_kg": "11.00" },
    "sold_individually": { "is": false, "price_per_item": "" },
    "sold_by_package": {
      "is": false,
      "price_per_package": "",
      "units_per_package": "",
      "price_per_100g": ""
    },
    "img_src": "https://product-images.metro.ca/images/h59/ha3/9662947262494.jpg",
    "link": "https://www.metro.ca/en/online-grocery/aisles/fruits-vegetables/vegetables/tomatoes-cucumber/local-red-cluster-tomatoes/p/4805"
  },
  {
    "product_name": "White Potato",
    "store": "metro",
    "sold_by_weight": { "is": true, "price_per_lb": "1.99", "price_per_kg": "4.39" },
    "sold_individually": { "is": false, "price_per_item": "" },
    "sold_by_package": {
      "is": false,
      "price_per_package": "",
      "units_per_package": "",
      "price_per_100g": ""
    },
    "img_src": "https://product-images.metro.ca/images/hc4/h0c/8889382502430.jpg",
    "link": "https://www.metro.ca/en/online-grocery/aisles/fruits-vegetables/vegetables/potatoes-carrots-celery/white-potato/p/4083"
  },
  {
    "product_name": "Hothouse Red Tomato",
    "store": "metro",
    "sold_by_weight": { "is": true, "price_per_lb": "3.99", "price_per_kg": "8.80" },
    "sold_individually": { "is": false, "price_per_item": "" },
    "sold_by_package": {
      "is": false,
      "price_per_package": "",
      "units_per_package": "",
      "price_per_100g": ""
    },
    "img_src": "https://product-images.metro.ca/images/h04/h90/9906394333214.jpg",
    "link": "https://www.metro.ca/en/online-grocery/aisles/fruits-vegetables/vegetables/tomatoes-cucumber/hothouse-red-tomato/p/4853"
  },
  {
    "product_name": "Rutabaga",
    "store": "metro",
    "sold_by_weight": { "is": true, "price_per_lb": "1.49", "price_per_kg": "3.28" },
    "sold_individually": { "is": false, "price_per_item": "" },
    "sold_by_package": {
      "is": false,
      "price_per_package": "",
      "units_per_package": "",
      "price_per_100g": ""
    },
    "img_src": "https://product-images.metro.ca/images/h27/hb3/8872801861662.jpg",
    "link": "https://www.metro.ca/en/online-grocery/aisles/fruits-vegetables/vegetables/root-vegetables/rutabaga/p/4747"
  },
  {
    "product_name": "Green Beans",
    "store": "metro",
    "sold_by_weight": { "is": true, "price_per_lb": "2.99", "price_per_kg": "6.59" },
    "sold_individually": { "is": false, "price_per_item": "" },
    "sold_by_package": {
      "is": false,
      "price_per_package": "",
      "units_per_package": "",
      "price_per_100g": ""
    },
    "img_src": "https://product-images.metro.ca/images/h5f/h3a/8836971167774.jpg",
    "link": "https://www.metro.ca/en/online-grocery/aisles/fruits-vegetables/vegetables/peas-beans-corn/green-beans/p/4066"
  },
  {
    "product_name": "Hothouse Orange Pepper",
    "store": "metro",
    "sold_by_weight": { "is": true, "price_per_lb": "5.99", "price_per_kg": "13.21" },
    "sold_individually": { "is": false, "price_per_item": "" },
    "sold_by_package": {
      "is": false,
      "price_per_package": "",
      "units_per_package": "",
      "price_per_100g": ""
    },
    "img_src": "https://product-images.metro.ca/images/h34/hfc/8835115974686.jpg",
    "link": "https://www.metro.ca/en/online-grocery/aisles/fruits-vegetables/vegetables/peppers-zucchini-eggplant/hothouse-orange-pepper/p/3121"
  }
]
